Date,Revenue,Southwest,Central,Northeast,Northwest,South,Southeast,Energy,Industrials,Consumer,Agricultural,Durable,Lagged
1/1/10,2683.002,1843.2,3014.23,3223.02,5016.28,764.38,6933.16,3812.03,5881.96,2347.72,3796.59,4528.29,67.26
1/2/10,2509.283,1826.14,4162.14,2624.69,5529.76,1147.17,6343.65,7877.04,8253,2518.37,3403.33,4706.49,62.54
1/3/10,3675.28,2731.43,5434.42,2719.47,4469.37,698.72,5455.22,5730.47,7604.91,2169.28,3953.92,3094.75,69.72
1/4/10,1569.96,2165.59,4550.36,2760.21,4803.41,828.98,9124.13,6772.74,8746.55,4009.01,3466.72,3744.67,61.23
1/5/10,3625.656,1546.33,6605.75,2633.19,6511.33,839.73,5585.17,5618.87,6349.06,2694.74,2277.36,4034.39,75.53
1/6/10,2690.664,2461.94,3632.33,3513.64,5675.72,787.58,9543.3,5823.32,5971.89,2762.75,3800.4,3755.53,70.46
1/7/10,1891.41,1264.99,3911.54,2416.44,6001.81,1191.74,5819.73,6516.93,7209.55,2722.76,3256.61,3335.76,60.9
1/8/10,2921.334,2499.24,4990.32,2752.11,6435.56,748.48,4464.06,4855.91,6078.35,2390.96,3489.51,2474.87,75.19
1/9/10,2516.688,1726.94,4249.23,3152.29,5480.84,897.55,8600.4,8419.33,7647.64,3086,3221,3446.18,72.74
1/10/10,3442.602,1607.64,4889.99,2472.25,7046.47,1091.62,6691.54,5703.83,5982.03,2761.49,2460.44,3263.48,79.42
1/11/10,2679.846,2174.1,3854.01,2956.61,4658.84,809.44,7193.2,3904.54,8037.05,2656.31,4704.65,2640.13,69.48
1/12/10,1838.16,2171.95,4288.48,3596.94,5754.59,1069.77,8294.76,6241.68,9165.31,2210.24,2602.24,4727.95,66.26
1/13/10,3657.384,2001.09,4588.29,2813.56,5588.9,647.18,6404.14,5071.96,7260.54,2109.7,3346.14,3295.47,70.93
1/14/10,2821.686,2186.17,3184.24,3627.9,5664.65,726.7,7611.99,4667.68,9164.52,2609.47,3950.72,2919.69,72.71
1/15/10,2939.148,1584.6,4685.81,3088.82,7138.32,1092.57,7844.04,5069.29,7877.18,3022.49,3190.06,3360.47,76.86
1/16/10,2604.21,2272.52,3617.4,3246.23,6134.35,602.08,8328.25,5678.25,6292.6,2661.66,3491.56,2833.55,66.09
1/17/10,2291.274,1880.71,4190.96,2435.06,4879.94,1019.8,6754.61,7310.44,8369.04,2745.92,3276.02,4390.53,66.55
1/18/10,3253.566,1693.62,4396.9,2582.13,6797.4,852.18,6484.97,6677.64,6314.4,2699.5,3479.35,3287.4,69.19
1/19/10,2885.772,2025.32,4005.83,3391.84,5965.54,676.36,8590.72,6559.33,7550.38,2758.56,3396.17,3660.07,70.88
1/20/10,3544.044,1747.54,4331.74,2605.16,5737.77,1069.14,7205.59,4500.36,7274.79,2832.39,3391.52,3641.97,73.53
1/21/10,2821.848,2443.71,3218.29,3582.24,5555.16,602.31,7866.8,6421.72,6850.41,1909.04,3234.05,3804.14,70.14
1/22/10,2776.824,1694.59,2874.68,3277.8,6674.89,750.9,8169.05,6244.38,8062.73,2000.35,3280.7,3587.5,68.9
1/23/10,3172.434,2037.82,4996.39,2839.16,7078.94,835.72,8951.25,5517.49,5348.25,3075.17,4571.38,3372.18,74.41
1/24/10,1714.614,2186.1,3078.71,3227.4,5398.45,891.92,9763.78,7657.44,7259.51,2558.45,3605.63,4602.51,61.23
1/25/10,2852.088,2056.98,4330.57,2777.34,6341.98,1048.7,7678.77,5321,5934.59,1705.22,2935.83,3818.73,71.85
1/26/10,2268.9,2094.13,4847.53,3579.23,5688.57,764.11,9573.81,7532.37,7924.57,1979.43,3703.91,3463.4,68.26
1/27/10,2217.924,1579.68,2804.23,2415.44,6083,1097.69,5732.26,7372.33,8385.14,2689.75,3343.44,3559.07,66.91
1/28/10,3137.334,2295.61,4156.41,3133.32,6093.73,962.61,8063.79,4864.55,6889.94,2480.19,4894.34,3596.74,70.11
1/29/10,3219.192,1751.54,3829.62,3551.68,5145.39,947.61,9036.59,7197.78,7615.05,3008.57,2289.45,3259.37,73.38
1/30/10,2560.398,1511.56,5102.19,2890.58,7701.42,934.82,8014.79,5347.81,7039.4,2415.19,3622.12,3939.33,74.46
1/31/10,3118.368,1921.62,3973.97,3543.33,6459.8,896.52,8285.69,5750.05,5801.93,2428.91,3789.71,2934.27,76.48
2/1/10,2880.99,1928.49,3272.96,2528.46,4746.65,1183.08,8561.42,6598.67,8018.03,2799.57,3492.43,4111.57,69.59
2/2/10,2902.014,2150.65,5106.26,2893.47,5706.79,945.1,8023.79,3484.9,7157.02,2156.2,4151.72,3368.94,67.9
2/3/10,2308.83,1711.31,3808.45,3390.36,4995.84,872.13,8401.47,5871.3,7639.68,3173.72,2572.7,2855.05,68.07
2/4/10,3266.448,1881.31,4092.14,2198.86,6751.77,1116.85,5851.97,4812.18,6309.4,2298.93,3895.67,4528.59,76.25
2/5/10,3076.098,2091.87,3498.63,3974.33,5626.12,876.29,7405.96,5483.17,5997.79,3396.76,3771.41,3504.72,75.81
2/6/10,2848.578,1455.15,3689.19,2580.71,5239.49,997.86,7345.94,7206.1,7197.12,2765.07,3719.2,4055.92,67.31
2/7/10,3026.658,2234.32,4256.17,2325.9,7363.26,764.76,7060.42,4323.94,7610.68,2676.66,4005.76,3166.32,73.93
2/8/10,2760.558,1672.65,4121.87,2836.37,5292.17,937.08,8282.67,8192.56,7979.52,2423.7,3933.9,3440.32,66.2
2/9/10,2492.412,2019.32,4503.26,2907.94,5809.6,930.51,5397.71,5095.69,5792.55,2097.89,2978.04,4123.67,67.79
2/10/10,3193.698,2531.85,4073.93,3558.79,6162.9,711.91,8940.83,4704.41,7259.55,2649.15,4193.54,3648.75,76.19
2/11/10,2624.916,2087.32,3547.93,2600.6,5592.65,854.5,7693.2,5873.64,8581.5,3010.62,3191.28,3935.65,69.25
2/12/10,3003.192,2286.99,4411.7,2899.26,6499.71,866.39,6826.01,5292.58,5508.58,2247.88,3586.24,3345.84,75.75
2/13/10,2954.706,1944.1,4007.78,3079.94,5903.69,696.27,7941.16,7977.39,6738.18,3534.24,3387.51,2726.43,70.95
2/14/10,3073.152,2101.5,5352.79,2956.18,5915.2,967.56,7326.81,4809.47,8545.98,2391.51,3924.31,4280.25,70.44
2/15/10,2361.042,2028.82,5044.21,3822.36,5881.4,984.74,8146.49,6208.81,6811.52,2489.23,3781.1,3584.95,64.39
2/16/10,2714.364,2227.49,3385.89,2759.54,6655.15,644.91,5813.99,7083.76,8356.9,3244.09,3486.36,3498.14,70.07
2/17/10,3488.76,2539.72,4188.23,2799.56,7273.68,908.14,8263.52,4424.78,7170.74,2744.43,4016.96,3814.03,79.16
2/18/10,2476.452,1577.76,3431.84,3594.78,5744.47,665.73,7741.61,7284.45,7968.17,2681.74,2899.4,3196.97,70.94
2/19/10,2330.976,1749.23,5062.02,3092.11,6030.05,1176.46,7202.25,5721.11,7650.67,1855.85,3552.45,3846.27,71.4
2/20/10,2476.584,2205.81,3774.41,3648.85,6402.59,938.97,10498.05,6033.47,5760.64,2704.16,4102.57,3551.03,72.1
2/21/10,2483.472,1773.24,3908.28,2312.11,5519.67,1043.14,4701.24,6289.22,8216.46,2400.8,3153.76,4263.71,67.97
2/22/10,3083.022,1945.2,4857.53,3059.42,6421.48,992.82,6466.24,4662.16,6229.21,2051.31,3785.68,3557.21,77.89
2/23/10,2695.476,1859.69,3842.46,3394.83,5845.53,814.64,7246.98,7716.11,8394.18,2609.56,3546.99,3389.98,69.74
2/24/10,3374.43,1649.67,4570.14,2913.92,6031.1,1027.8,6695.39,6379.6,7394.69,2542.94,3599.15,4852.54,70.81
2/25/10,2341.578,1905.63,2723.93,2992.1,6013.39,909,10823.76,5521.85,6980.41,3225.05,4447.63,3310.87,68.19
2/26/10,3074.562,1897.91,4206.66,1922.49,6039.32,910.43,7045.12,6739.67,9375,2847.92,3122.99,4229.17,70.02
2/27/10,3315.624,2091.68,4177.93,3006.93,5660.68,861.91,7323.07,6160.86,5581.45,2592.3,4134.23,3196.85,76.99
2/28/10,2611.542,1801.55,4215.4,2872.51,5164.86,745.6,9662.64,6838.02,8432.53,3141.58,2479.74,2832.57,74.35
3/1/10,2721.264,1123.13,4696.8,2793.41,6542.58,1138.19,6738.42,5870.19,7638.19,2903.52,3818.69,4309.02,72.25
3/2/10,3073.5,2144.55,3863.92,3382.87,4539.97,818.47,9299.58,4949.62,6601.98,2407.7,3845.98,3204.51,70.93
3/3/10,2480.658,1805,4069.05,2420.5,7853.14,874.77,6674.85,7409.18,8703.23,3236.04,2969.47,3287.05,73.37
3/4/10,2818.458,2459.71,4158.06,2653.64,6524.78,979.01,5731.85,4574.14,7765.94,2353.68,4182.99,3540.93,72.49
3/5/10,2829.558,1832.07,3597.13,2620.11,5213.85,793.52,8741.09,7015.11,6104.55,2971.96,3458.83,3459.21,67.11
3/6/10,2466.582,1788.04,4448.73,2838.85,6720,1071.47,8401.91,5801.08,7445.9,2754.69,2623.61,4277.24,65.69
3/7/10,2648.994,2245.08,3550.65,3726.29,7409.96,824.26,7224.44,5294.49,7241.28,2134.33,3493.46,3455.58,68.4
3/8/10,2366.118,1986.86,3627.99,2558.66,5317.14,903.87,7569.29,6771.59,7441.31,2827.69,2702.65,3143.57,67.01
3/9/10,2932.182,2374.93,4313.39,3135.8,6390.36,791.24,6153.44,5899.8,6911.64,2059.84,4656.48,3997.85,67.83
3/10/10,2690.61,2313.71,3432.44,3382.11,4861.81,873.88,8413.91,6305.57,7521.52,3474.12,4333.89,3577.12,68.33
3/11/10,2883.24,2017.1,4283.39,2914.84,6125.18,1095.43,4419.83,4630.11,7238.62,2359.37,2631.05,4202.95,73.92
3/12/10,2806.008,2369.82,3617.72,3466.38,4149.12,712.04,8153.66,6053.58,5151.39,2332.3,3079.97,3460.57,69.27
3/13/10,2743.794,1319.02,2627.06,2395.72,6621.82,1004.53,7532.07,6489.1,7015.31,2864.8,3759.25,4108.14,70.9
3/14/10,3167.406,2311.26,5725.38,2727.08,4922.85,836.59,7567.57,6380.56,5714.9,2380.3,3607.3,4155.68,73.21
3/15/10,2439.228,1730.89,4359.08,2992.23,4480.41,927.92,8795.01,7130.3,7717.28,2452.15,3308.6,2895.58,66.5
3/16/10,2805.21,2287.78,4764.02,3127.55,8121.6,928.97,6393.02,3745.83,8714.74,2606.46,2602.45,3373.19,67.08
3/17/10,3558.81,2469.46,3741.26,2261.87,5391.65,685.55,8547.59,6210.92,3917.95,2721.56,4347.53,3623.84,72.97
3/18/10,2947.266,1988.97,4259.96,3202.28,6528.2,702.85,7756.78,6282.68,9526.93,2734.77,3254.36,3891.92,72.07
3/19/10,2850.768,2261.47,5751.94,3361.61,6239.88,742.53,6150.62,5866.67,7339.62,2373.67,4805.99,3094.87,70.47
3/20/10,2973.762,1508.81,3648.46,3294.78,6637.85,965.18,7001.4,6095.66,6425.88,2872.15,3481.23,3664.99,75.08
3/21/10,2847.72,1368.52,4656.62,2508.43,7321.79,1185.86,6432.62,6797.24,7765.69,2546.01,2439.23,4247.4,68.29
3/22/10,3058.134,2474,3673.74,3158.65,4892.69,801.78,6877.51,5826.26,8152.13,2202.83,4337.43,3457.39,69.29
3/23/10,2518.11,1838.94,3903.67,2347.78,6389.13,938.79,5557.53,7998.52,5858.56,2499.7,2886.77,3588.81,67.53
3/24/10,3053.808,1989.64,4557.65,2641.71,6534.06,828.54,5598.5,5318.58,8258.96,1822.88,3250.75,2665.05,74.94
3/25/10,2469.54,1981.96,3236.74,2741.94,5077.48,810.24,7572.78,7039.13,5399.33,2739.54,3875.58,3968.92,71.07
3/26/10,3018.696,1619.42,5287.21,2704.8,5133.36,946.86,6077.5,5304.2,7037.97,2807.51,3207.28,3448.24,68.15
3/27/10,2593.248,2238.93,5152.28,2926.74,4388.47,583.92,8124.55,5680.4,6650.33,2186.65,4568.93,3504.17,70.17
3/28/10,1632.012,1850.7,3235.76,2793.49,6128,954.62,6356.96,8041.62,6385.62,3087.67,3454.26,4013.21,64.72
3/29/10,3459.474,2651.7,5136.09,2293.3,7046.85,755.84,5220.61,6027.31,7805.13,2533.22,3882.37,2575.71,77.16
3/30/10,2727.468,2168.47,3813.39,3374.98,4111.28,747.47,9079.67,6054.55,6796.78,3027.03,4651.29,3219.86,67.33
3/31/10,2879.748,1698.03,4724.5,3148.32,6810.6,1084.51,6552.89,4815.43,7888.08,2081.17,3096.15,3521.25,68.98
4/1/10,2478.828,2111.17,4423.74,3395.81,3834.74,894.45,7161.4,6991.1,4942.62,2633.54,4114.25,4131.81,71.52
4/2/10,2458.872,2093.93,4041.36,3029.48,5140.89,916.2,6510.53,6504.78,7775.91,2816.54,3192.55,4492.68,69.96
4/3/10,3502.404,2442.54,4711.38,3277.2,6217.81,853.72,8324.4,7106.47,6976.16,2049.69,4055.21,3827.54,78.86
4/4/10,2787.414,1733.44,3759.2,3694.41,5204.99,729.22,9004.32,6069.38,7886.14,2718.85,4316.22,2852.65,69.58
4/5/10,2674.668,1576.68,4285.4,2632.47,6395.79,998.62,7333.97,6653.65,8393.36,2656.54,2959.38,4121.39,68.93
4/6/10,1936.068,2617.39,4181.94,3204.01,5257.27,908.34,6257.2,6573.72,7570.1,2323.58,4129.54,3659.59,63.73
4/7/10,3033.486,2116,4055.56,3154.68,5530.9,896.92,7774.42,7238.26,7004.81,2509.69,3153.79,4647.59,76.39
4/8/10,3424.512,2194.12,4870.96,2660.4,6445.33,899.62,7886.86,5427.72,6120.05,2914.12,4249.78,3004.88,74.34
4/9/10,2831.31,1573.5,3413.88,2727.88,5798.03,848.8,5862.97,5569.97,6987.87,3156.69,3749.37,3199.12,74.93
4/10/10,2514.474,2327.56,4581.22,2857.73,6101.87,1095.8,7427.23,4127.05,8297.62,2569.99,2849.35,3650.06,72.57
4/11/10,3494.64,2402.79,4357.07,3188.64,4617.55,652.17,8148.49,5075.37,7910.05,1621.25,2783.53,2949.8,71.88
4/12/10,2614.338,1510.95,3552.83,3174,4285.55,1056.25,7331.6,7685.76,9755.43,2437.73,3422.53,3957.28,67.21
4/13/10,2964.738,2477.01,5407.01,2592.77,4802.05,882.16,6962.78,7285.75,6603.61,2609.85,3467.07,3748,74.92
4/14/10,2254.476,2220.42,3923.57,2655.94,5994.56,785.5,8193.52,5834.51,7154.79,3191.73,4141.68,3521.19,72.02
4/15/10,2824.86,2078.28,4562.46,3406.4,6155.98,1129.05,7009.46,4289.71,8096.75,2261.83,4020.89,2825.13,74.04
4/16/10,2826.78,2275.34,4307.76,3532.43,6963.78,898.34,7498.99,5858.72,7008.39,2551.57,4210.97,3036.04,72.14
4/17/10,2637.192,2167.15,4126.18,3378.41,5325.85,1096.51,7135.7,7051.7,8250.44,2052.19,4557.82,3761.31,66.98
4/18/10,2828.13,2069.5,5178.07,2850.43,7833.24,815.82,6697.28,4526.07,6151.89,2180.05,2519.81,3013.28,68.09
4/19/10,2096.484,1863.61,3050.79,3811.69,5596.24,778.61,7378.34,5996.86,6446.82,2688.12,3463.59,4166.49,65.9
4/20/10,2170.338,1746.11,4136.24,2292.39,7193.66,1088.88,7137.8,6063.78,9219.08,2065.5,2665.64,4769.02,67.75
4/21/10,2999.268,2682.22,4640.55,3374.52,6097.18,887.7,6381.09,5392.08,5280.05,2777.75,3696.77,2845.43,75.77
4/22/10,2450.544,2046.39,2053.45,2418.15,4835.93,801.5,8991.92,7611.77,9048.03,3036.87,2424.58,3723.9,65.89
4/23/10,3628.014,2322.72,4825.84,2642.22,5400.48,776.69,7734.26,5044.22,5380.48,2328.6,3197.75,3223.25,76.69
4/24/10,2439.792,2228.89,3853.96,3412.59,5031.03,786.73,8551.46,6644.99,6367.8,3312.6,4063.67,3249.74,70.17
4/25/10,2274.222,1697.34,4826.03,3051.03,6790.64,1009.61,7306.72,5480.4,8923.38,2085.68,3583.92,3999.66,64.57
4/26/10,3271.128,2709.57,4728.72,3509.99,4942.66,830.04,6208.47,6518.97,8672.23,2383.14,3724.77,3300.4,75.26
4/27/10,3158.046,2133.39,2930.74,2990.45,5313.27,708.8,7788.42,7450.74,9234.6,2967.74,3720.02,3998.87,75.58
4/28/10,2550.978,1957.24,4915.98,2357.42,5893.24,824.87,7359.3,5692.39,7322.61,2854.53,3461.39,3659.42,72.56
4/29/10,2853.864,1965.55,3534.6,2679.37,5401.53,805.65,8220.1,6646.73,8861.39,2823.88,4355.15,3458.3,73.35
4/30/10,2557.782,2164.85,3894.18,2817.72,8000.41,821.47,6813.62,3530.42,7834.65,2307.07,3871.7,4209.93,74.36
5/1/10,3248.574,2133.81,4687.26,3116.61,5487.49,738.41,6315.83,5839.57,6885.59,2554.23,3320.46,4020.16,72.71
5/2/10,2764.818,1835.28,4120.49,2636.82,4327.07,758.57,8309.49,6992.28,9573.43,2820.06,3436.9,4430.91,71.92
5/3/10,2942.1,2240.5,4856.01,2880.83,6131.03,1041.48,5756.81,3961.92,6359,2523.03,3820.9,3560,67.7
5/4/10,2051.286,1779.57,3997.45,3521.22,4575.8,849.04,8402.34,5888.63,7926.13,3019.93,2539.39,3064.05,68.49
5/5/10,2705.616,2047.8,4363.82,2430.91,5368.53,919.57,5760.7,6289.02,9116.18,2152.96,3027.78,3824.13,73.01
5/6/10,3233.502,2117.94,4684.47,2918.49,5678.64,724.81,6547.64,5217.51,6271.71,2456.85,4370.96,2936,77.29
5/7/10,2449.608,2019.87,3521.22,2426.7,5879.17,943.72,6721.19,5981.61,8730.49,3096.44,3901.36,3154.31,68.59
5/8/10,2705.97,2318.42,4405.78,2928.9,7782.32,992.57,7796.1,5869.26,7692.05,2474.43,3412.73,3164.4,70.24
5/9/10,3240.798,1855.63,3878.67,3330.9,5565.22,547.57,7522.75,7315.83,7092.12,2558.98,3099.92,2818.91,78.01
5/10/10,2388.846,1983.02,3918.69,3814.59,6341.22,1065.19,6281.4,5538.37,8666.18,2145.93,3257.15,4846.76,71.84
5/11/10,2829.816,2050.72,3387.05,3495.2,6165.42,824.17,8537.15,5884.19,6544.72,3185.11,4583.05,3307.42,76.23
5/12/10,2603.256,1984.95,4323.63,3144.72,4751.62,741.75,6931.57,7013.61,9219.61,2700.59,2353.34,3972.26,69.11
5/13/10,2964.084,1978.85,4465.3,2846.79,5621.5,1075.29,7897.02,4292.26,5693.5,1969.47,3630.05,3868.13,67.73
5/14/10,2750.724,1356,4195.57,3341.08,4044.21,884.79,9877.22,5911.94,7272.1,3207.54,2841.73,3519.46,71.54
5/15/10,2256.288,2330.1,3722.36,3316,5161.17,1162.8,6294.37,7651.85,9343.83,2220.99,3201.14,3732.12,63.41
5/16/10,2672.604,2243.51,4640.62,3543.17,6531.78,660.07,7690.85,5697.91,6592.8,2342.63,3478.23,3148.39,72.26
5/17/10,2622.552,1977.56,4334.44,2300.98,5182.22,770.48,8407.47,7222.83,5500.83,3646.23,2826.17,3011.23,66.99
5/18/10,3384.156,2375.94,4679.49,3000.49,6943.57,1042.92,7948.01,3719.72,7348.36,2703.45,3476.91,3683.26,75.94
5/19/10,2412.714,2207.32,4062.5,3315.61,6023.85,641.87,9258.13,6039.97,6930.74,2394.07,4383.28,3095.17,72.74
5/20/10,2554.848,1787,3659.66,2612.55,6831.34,907.84,7306.58,6634.73,6869.21,2856.47,4288.45,3634.39,70.31
5/21/10,2740.914,2085.83,4773.38,2924.67,6670.27,877.6,7807.79,4554.13,6415.48,2837.17,3460.17,3166.08,72.97
5/22/10,2292.312,1797.74,4879.57,3372.97,4503.86,811.92,8212.78,8087.82,7765.65,3136.17,2825.17,3858.74,66.06
5/23/10,3278.358,1632.75,3764.37,2292.46,8216.14,910.79,6112.58,5467.06,5784.62,2189.92,4118.01,3193.41,76.83
5/24/10,2194.638,1841.6,3397.99,3556.61,5453.49,776.77,8216.36,5636.75,5879.53,3024.92,3480.33,3559.18,71.15
5/25/10,3467.376,1956.05,5088.2,2545.56,6332.59,959.68,5439.15,6452.92,6554.56,2811.06,2817.58,4751.64,77.69
5/26/10,3370.512,2160.99,3534.43,2842.37,6652.06,676.69,7927.89,5637.65,7504.53,2277.08,3379.3,2215.45,78.17
5/27/10,3534.642,1973.92,3983.25,2901.07,6382.62,762.12,7957.05,6715.94,7730.81,2263.82,3212.7,3269.9,77.89
5/28/10,4381.476,2104.64,4689.65,3134.54,5742.61,978.22,5410.88,5223.86,6655.91,2159.01,3381.4,3447.64,80.75
5/29/10,4840.302,1693.1,4014.73,3721.62,5968.69,773.94,9492.22,5417.37,7303.38,2687.16,4779.03,3155.16,83.84
5/30/10,4965.306,1765.19,4611.32,3068.89,6238.13,893.92,4998.39,4843.08,7542.4,2740.36,2902.53,4195.56,83.38
5/31/10,5653.176,2400.28,4451.6,3422.76,7214.66,852.43,8389.53,7040.08,6843.99,2563.14,4749.88,4246.26,80.76
6/1/10,4429.254,1604.95,5078.92,3032.85,4894.7,1096.3,7853.24,5165.5,7593.51,3198.93,2717.15,3802.17,81.2
6/2/10,4525.788,2103.29,4809.85,3087.24,6087.6,922.72,7951.79,4564.08,6238.29,1137.45,2904.32,4431.64,75.91
6/3/10,2714.538,1978.16,3887.52,3964.7,5824.51,690.35,8769.6,5118,5035.1,2759.05,3073.55,3203.93,70.39
6/4/10,3023.076,1719.48,4383.83,2681.35,6877.52,940.56,7274.17,6112.08,7985.39,2521.41,3392.67,2937.92,71.7
6/5/10,3440.31,2443.22,3900.04,3062.83,6648.87,898.86,6937.2,4981.27,4527.77,1957.84,3869.55,3521.32,71.85
6/6/10,1923.636,1664.83,4220.79,2219.09,4844.43,1099.33,8415.22,6974.43,7053.03,2810.31,3783.91,3619.29,65.74
6/7/10,2870.688,1706.59,4963.74,2995.93,5466.42,828.28,6850.2,5841.99,7295.93,2689.96,3475.55,3471.88,72.03
6/8/10,2428.278,2101.28,3857.24,4023.31,6686.21,798.57,9016.01,6611.6,4928.9,2812.78,3260.87,3068.6,72.75
6/9/10,2866.182,1798.76,4176.11,2922.44,6663.42,819.38,6246.51,6845.48,9273.27,2850.21,2498.32,3410.01,71.28
6/10/10,3463.098,2022.02,4530.45,3652.68,6391.25,895.3,7216.25,4083.58,7125.19,2334.8,4001.07,4244.17,71
6/11/10,2873.262,1521.09,3317.18,2791.36,5238.07,950.55,7619.4,6785.5,7043.89,2847.73,2556.75,4072.07,73.47
6/12/10,2943.144,2297.94,4720.82,2348.36,4648.93,942.44,7520.04,6482.53,6329.18,1938.35,3840.84,3921.16,69.92
6/13/10,2573.52,1617.07,3100.51,3456.91,6445.03,839.44,10223.64,5067.92,6797.21,3037.48,4269.55,3381.06,69.88
6/14/10,2171.676,1866.95,3488.59,2757.22,7137.68,1066.75,5599.28,6112.77,7243.93,2581.38,3261.62,3725.03,66.65
6/15/10,2945.61,2173.38,3869.54,3478.23,6149.37,747.8,6256.94,4927.96,7123.73,1980.3,4094.08,2905.12,73.57
6/16/10,2621.568,1404.37,3211.86,2669.03,6819.33,965.66,8596.98,6335.8,8801.7,2709.92,3317.17,4153.21,74.63
6/17/10,2690.202,2177.43,4432.52,2457.31,5816.67,1065.93,7865.65,5712.84,6628.85,2079.7,3090.85,3182.49,71.88
6/18/10,2907.06,2000.97,4145.23,4151.79,5698.47,603.75,7451.08,6781.08,5523.69,2604.85,3272.46,3475.1,71.18
6/19/10,1999.284,1745.88,5479.04,3291.22,7172.42,1146.31,8102.11,7378.74,7130.49,2374.48,2716.11,4268.78,67.92
6/20/10,2916.186,1845.14,4829.27,3077.72,6450.32,903.54,6843.52,5493.82,6712.66,2515.35,4609.79,3333.38,67.42
6/21/10,2247.906,1735.64,4576.19,3348.97,4997.15,910.21,7389.84,7057.47,7889.65,2834.25,3265.41,3317.28,70.53
6/22/10,2974.518,2510.79,5091.32,2461.75,8870.51,983.27,6176.04,5474.01,7109.13,2078.38,3498.54,3503.66,70.59
6/23/10,2571.54,1899.57,4086.84,3710.48,4953.48,814.94,8385.51,6253.57,6250.18,2702.65,4190.74,3285.24,65.42
6/24/10,2631.75,1933.66,4654.41,3255.34,7098.49,1175.18,6386.17,6465.91,8185.18,2428.54,3440.85,3840.84,66.6
6/25/10,2963.232,2727.94,3806.99,3267.16,4981.38,783.41,7522.35,5145.82,7836.65,2097.74,4292.46,4015.84,73.98
6/26/10,2732.904,1452.95,3325.24,2946.63,4544.93,999.14,9182.21,5643.97,8036.04,2805.43,3744.43,3725.63,70.68
6/27/10,2829.168,2343.46,4948.37,2275.86,6520.33,850.9,7242.23,6344.82,6563.35,2608,3496.08,3967.76,74.68
6/28/10,3497.202,2263.92,3527.55,3019.15,5690.26,957.49,7569.64,5411.69,7059.95,3006.1,3637.08,3535.29,71.67
6/29/10,2068.776,1684.84,3699.72,2777.93,7697.76,1002.96,5317.5,6396.97,8046.97,2339.49,3008.34,4616.53,68.47
6/30/10,3671.928,2156.42,4919.87,2296.46,6464.23,971.67,8173.18,5656.81,6972.99,2327.07,4656.81,3225.28,79.27
7/1/10,3328.662,1866.25,2359.9,3621.24,5980.76,998.45,7492.66,6323.14,6564.69,3297.4,4232.15,4010.95,78.95
7/2/10,4092.9,2345.9,5857.63,2022.7,8012.31,960.81,7086.92,5646.62,6851.03,2547.86,2789.96,3564.73,76.29
7/3/10,4400.964,2127.99,3761.72,2897.56,6446.96,741.7,8363.52,5184.3,5466.75,2857.42,3613.07,3201.69,81.05
7/4/10,4452.432,1696.28,3580.57,2985.04,5961.1,905.02,6936.05,5653.72,7188.79,2299.59,3740.98,3303.2,77.89
7/5/10,4212.414,2570.35,3916.75,3114.22,6272.9,599.86,5830.57,6056.4,6561.66,2668.36,4429.37,2829.63,76.08
7/6/10,3173.958,1449.68,4475.4,3184.93,5780.32,958.98,6187.34,5658.9,4714.77,2878.25,3098.83,3945.82,76.04
7/7/10,4387.218,1528.62,4718.47,2811.66,6086.66,1058.37,6206.91,5727.34,7432.24,2554.28,2828.52,3594.67,77.58
7/8/10,4202.61,1896.35,3231.88,3784.75,5758.16,692.05,7741.22,7488.7,7607.6,2811.96,4319.45,3083.37,82.22
7/9/10,2822.628,1687.92,3796.34,3059.58,5612.55,851.68,8557.36,7489.94,8664.98,2112.57,3969.98,4230.56,67.68
7/10/10,4306.476,2433.09,3552.88,2950.76,5806.77,903.87,8057.28,6373.45,7056.96,2978.69,3530.3,3466.42,79.35
7/11/10,2952.138,1920.99,4524.75,3198.27,4366.2,903.34,7984.59,7549.46,7017.35,2933.77,3846.44,4188.47,73.17
7/12/10,3206.82,2276.88,4472.96,2932.84,8860.5,855,7540.27,4986.86,7295.39,2921.85,2565.48,3357.53,70.13
7/13/10,3355.74,2082.32,3772.58,3199.64,5762.6,903.94,10041.28,5931.46,8782.44,2409.62,4017.45,2748.91,70.9
7/14/10,2617.29,2076.59,3523.35,3165.8,6539.87,1038.26,6855.76,5376.69,7652.41,2978.69,3908.59,4045.92,67.7
7/15/10,3157.872,2234.09,4042.55,2603.92,5085.91,965,7534.2,6045.7,6859.96,1970.28,3995.8,3349.31,73.75
7/16/10,2613.42,1796.14,3508.75,3365.51,4632.4,798.33,6701.67,7472,8905.88,2217.68,3297.08,3246.7,67.99
7/17/10,2871.582,2101.21,4420.53,2465.06,7864.55,821.85,7463.44,4210.49,7860.38,2335.12,2747.25,4131.81,67.38
7/18/10,2806.992,2156.27,4215.5,3057.49,5751.47,845.78,7988.98,6423.49,6123.13,2809.43,3511.73,3413.08,70.75
7/19/10,2389.056,2164.43,4353.24,3051.95,5181,967.85,7250.53,4983.89,8016.52,3077.58,3146.69,4455.4,68.64
7/20/10,3594.984,2215.38,4666.37,2606.04,6821.22,878.15,6690.89,6641.91,5890.76,2162.41,4524.92,3508.87,77.82
7/21/10,2839.56,1689.83,4289.31,3607.1,5762.52,700.87,7306.17,6493.23,8030.16,3324.78,4053.9,3401.61,70.86
7/22/10,2500.29,2339.75,5113.25,2344.59,4156.17,839.17,6381.41,5552.44,6557.29,2235.17,3793.75,4187.37,67.69
7/23/10,3235.596,2225.38,4065.51,2948.45,4824.58,714.49,8884.86,6167.22,6187.93,1950.88,3417.82,3425.47,69.87
7/24/10,2567.964,1819.57,4792.05,2052.31,6125.76,771.97,7329.23,5409.42,7269.15,2574.98,2481.56,4504.44,73.09
7/25/10,3121.782,2304.2,4300.4,2799.9,5302.15,791.05,6966.14,5062.05,5641.04,2787.62,3484.76,2798.84,71.83
7/26/10,2908.404,1756.26,3460.79,3549.85,6003.45,792.22,7671.24,8113.91,7420.45,3193.96,3425.76,3402.25,74.39
7/27/10,2859.444,1850.29,4091.59,2738.91,6207.01,1124.43,6177.77,5248.79,6683.69,2453.6,3711.68,3450.07,76.43
7/28/10,3150.312,2358.01,3128.42,3181.97,6396.99,774.83,9506.04,7517.77,8860.73,2832.21,3763.41,2737.59,73.94
7/29/10,2669.01,1356.75,4414.55,3096.52,5845.68,881.96,6989.27,6387.17,8566.34,2613.79,3842.11,4361.27,70.41
7/30/10,3070.224,2305.45,4643.92,2402.81,6832.87,657.95,7771.72,6592.91,4932,2396.81,3648.64,2718.59,70.43
7/31/10,2217.612,1662.69,2982.22,2812.03,6069.11,813.77,9478.8,6931.96,9510.34,3859.6,3377.5,3397.67,64.56
8/1/10,2649.588,2047.87,4024.25,2732.72,6587.83,915.3,6530.88,4909.61,8084.63,2043.44,3591.64,3867.34,73.32
8/2/10,2738.346,1632.96,4950.69,3592.58,5864.83,851.05,9505.62,4843.03,7370.65,2550.24,4059.76,2268.49,75.39
8/3/10,2711.196,1850.84,4613.19,2393.21,6414.36,961.43,8126.36,6869.63,7882.05,2413.01,3427.5,4749.1,72.85
8/4/10,3360.36,1934.73,3957.45,3280.87,5994.49,748.4,8455.54,5306.51,4932.73,2039.76,2849.21,3418.67,75.77
8/5/10,2923.536,1880.44,3808.16,3131.11,5505.59,719.73,9039.62,6529.61,7275.28,3620.73,2849.88,3814.31,70.94
8/6/10,2861.082,1911.48,4743.88,2696.12,6566.36,906.4,8472.16,6225.54,7748.44,2455.6,3057.99,2949.15,70.81
8/7/10,2541.954,1680.92,3533.52,3587.97,6200.35,838.82,8207.21,6254.24,5358.95,2933.59,3479.26,3148.12,74.45
8/8/10,2284.524,2048.15,3183.98,2758.08,6790.09,1151.61,8568.36,5685.71,8715.75,2888.34,3314.59,4419.85,65.29
8/9/10,3578.358,2537.4,4015.96,3019.2,7100.62,846.4,7558.82,5070,6318.88,2212.16,3569.97,3367.06,73.86
8/10/10,3223.854,1585.15,4268.74,3020.29,5121.38,549.18,8823.69,7025.21,7395.13,2803.83,3977.47,3525.73,69.5
8/11/10,2911.956,2075.37,4949.11,2315.04,6723.48,1011.05,7300.59,4103.32,6385.62,2223.26,3410.16,3614.05,76.87
8/12/10,2931.87,2443.38,4527.86,3412.33,5527.74,753.95,8498.82,6298.44,6209.1,2845.51,3715.24,3527.74,76.07
8/13/10,3028.176,1657.36,4221.81,2814.75,6954.58,1008.53,8640.09,7472.91,8939.49,2399,4031.06,4286.9,69.11
8/14/10,3041.472,2351.44,5134.64,3389.32,6261.6,870.98,6183.67,4776.63,5584.66,2552.1,3606.46,4039.81,68.74
8/15/10,2336.232,1590.74,3580.28,3893.5,5043.83,829.02,7846,6721.34,6882.52,2702.89,3298.77,2928.81,70.6
8/16/10,3322.17,2052.06,4030.58,3422.42,6343.01,1164.33,6194.3,5153.44,7714.54,2442.38,3834.72,3423.42,72.9
8/17/10,3018.678,2215.21,4162.14,3838.48,6060.5,751.65,9783.03,4962.81,6023.2,2944.25,4356.42,3147.46,74.74
8/18/10,2505.6,1861.24,3850.46,3224.95,6280.84,843.99,6622.68,6432.88,9241.09,2545.51,3028.21,3107.59,71.39
8/19/10,2823.318,2494.79,4571.2,3264.6,5678.37,709.63,7303.79,6817.75,5576.66,2050.83,2981.93,3304.2,71.38
8/20/10,2903.586,1769.69,3879.94,3611.4,6212.99,914.11,6729.54,6577.34,7291.51,3289.44,3603.47,2778.67,69.03
8/21/10,3039.222,2269.68,5152.42,2955.44,6740.56,1033.28,6929.54,3944.26,8010.27,2885,3394.67,3764.2,69.57
8/22/10,2951.268,2170.64,3401.68,3099.27,6130.21,784.36,8025.28,4650.66,5822.71,2515.56,3989.73,2775.98,69.7
8/23/10,2400.222,1940.67,4310.89,2291.72,6086.55,909.75,7452.82,6451.22,10662.04,2912.22,3079.75,4198.22,68.43
8/24/10,3440.226,1801.92,4030.53,2874.85,5632.42,1015.66,7159.58,5584.57,8170.05,2200.9,3351.54,3712.02,77.45
8/25/10,2430.924,2136.8,3791.78,2954.96,6040.77,694.89,8898.2,6571.63,6377.71,2686.46,3010.27,4998.85,64.85
8/26/10,2620.92,2027.85,4251.12,2764.13,5685.95,879.17,6801.35,6603.46,6155.7,2366.44,3147.15,3878.48,69.16
8/27/10,2491.032,2313.22,3761.58,3040.75,6399.52,703.24,10358.64,6106.38,6886.87,3274.53,3285.74,3652.59,68.05
8/28/10,2831.682,2137.89,4128.03,2318.56,5539.71,979.75,8741.4,7626.03,7064.15,2374.56,2603.76,3828.02,66.57
8/29/10,2643.474,2031.13,3950.08,3170.09,6509.89,985.63,8790.72,6055.14,5386.34,2368.81,3776.32,4199.82,75.08
8/30/10,2122.14,1116.58,4794.52,3519.95,4934.96,815.93,6695.24,8021.37,6251.49,2883.06,3138.42,3459.23,65.13
8/31/10,2631.912,2235.21,4051.04,2970.29,6284.22,781.87,5914.21,6053.47,6689.97,3214.23,2626.52,2884.42,68.82
9/1/10,3812.568,2190.95,4203.4,3144.95,6299.05,625,8327.65,6007.96,6360.59,2771.8,3957.1,2799.11,76.57
9/2/10,3432.216,1343.13,3887.17,3118.1,6494.73,780.99,6431.11,6201.61,9028.33,2565.31,3177.43,3833.27,70.09
9/3/10,4270.026,1892.65,4483.39,3572.83,6051.87,913.02,6546.1,6059.64,8242.97,2167.41,3936.19,3351.43,81.12
9/4/10,2668.968,1886.52,3910.81,3399.46,5963.6,745.22,8011.91,6307.88,6471.42,2887.43,3966.23,2592.67,74.75
9/5/10,4448.058,2255.67,4226.37,2235.31,8085.88,945.5,5938.4,6204.36,6708.15,2265.8,3087.41,4064.63,78.6
9/6/10,5295.12,1970.47,4898.17,3331.73,5262.34,906.3,8214.25,5972.64,5678.9,2079.44,4496.72,3317.44,77.51
9/7/10,3908.514,1992.85,4042.55,2971.47,5934.38,766.73,7958.22,6266.44,7718.08,2624.21,3383.32,3611.75,82.29
9/8/10,3910.764,1919.59,4622.63,2744.59,4817.77,1186.59,7242.27,5278.33,7693.11,2140.49,4437.63,2704.44,73.96
9/9/10,3261.462,2236.31,2417.64,3448.61,6765.23,751.62,9043.76,6787.45,8509.79,2827.99,3729.11,4150.3,73.61
9/10/10,3058.452,2340.84,3467.15,2750.6,5971.58,1072.86,6511.71,6279.89,9054.61,3136.01,2898.88,3952.33,69.11
9/11/10,2934.732,2373.69,4479.67,3797.11,6497.35,693.93,7389.88,5282.17,8034.09,2458.82,4034.77,3398.65,70.67
9/12/10,2934.81,1596.19,4026.67,2676.19,5573.66,526.06,9069.11,5523.38,9245.74,2980.67,2922.7,3922.67,68.5
9/13/10,2565.078,1729.14,5107.81,3522.79,5747.4,1103.12,9011.78,4422.63,7671.92,1908.78,3658.12,3056.55,65.07
9/14/10,2783.502,2004.85,4838.02,3145.4,6092.62,867.97,7789.75,6148.9,7891.84,2931.9,4021.34,3591,70.17
9/15/10,2990.664,2012.96,4771.14,2995.55,6190.71,942.64,6656.55,4113.64,8674.63,2622.14,3105.65,3875.77,75.19
9/16/10,2725.818,2266.56,3595.9,3089.49,3476.05,949.05,7360.48,6908.67,5357.8,2683.77,3963.88,3559.96,67.22
9/17/10,2162.724,1724.05,4274.42,2594.63,6987.56,1129.24,7629.83,5868.75,5647.22,2476.54,2701.52,3733.58,63.83
9/18/10,3761.118,1885.29,5053.62,2770.02,4769.44,867.33,5280.68,5400.49,6473.23,2375.75,4256.36,3690.03,80.1
9/19/10,2544.972,1855.18,3220.02,3477.27,7364.95,826.64,8785.09,6104.14,7232.77,2564.24,3627.65,2911.95,66.08
9/20/10,1774.434,2087.3,4739.52,1945.29,6982.93,931.69,6726.85,5739.66,8600.45,2477.32,3524.85,3940.72,63.9
9/21/10,2979.33,2687.63,4302.32,3746.89,4902.78,901.11,9191.52,5879.74,6520.49,2413.11,4929.26,3146.73,74.38
9/22/10,2647.314,1713.7,3946.12,3164.28,7149.34,1132.64,7943.22,4823.87,8748.71,2750.28,2828.01,3719.53,74.26
9/23/10,3266.124,2200,4889.11,2675.09,5846.62,947.82,7933.37,5953.4,8260.77,2388.12,4122.09,2735.28,76.74
9/24/10,2542.338,2309.91,3514.08,3794.74,6609.63,844.72,6252.72,6561.06,7180.91,3275.18,3831.17,3933.77,64.88
9/25/10,3543.426,1849.17,4060.5,3016.11,6676.23,1134.49,8515.59,5350.33,6982.74,2419.03,3324.84,3688.77,76.34
9/26/10,2696.94,2244.43,4025.11,3449.33,5910.43,796.54,9247.73,6020.91,7343.7,2748.08,3126.51,3626.54,68.1
9/27/10,2077.902,1861.18,3998.48,2869.54,7533.66,948.33,7726.79,6447.68,9608.54,2944.57,3712.07,4159.92,65.15
9/28/10,2813.37,1957.83,4487.43,3032.24,5855.32,780.39,7001.11,5285.32,7011.87,2580.62,4268.49,3222.46,69.91
9/29/10,2779.554,2135.17,4295.28,3675.16,6607.22,731.65,7562.22,5804.82,7245.46,2611.9,2997.8,4657.63,69.77
9/30/10,2961.96,1885.77,4460.09,2966.55,6621.69,965.94,6342.7,7326.38,7263.81,2025.39,3292.82,4115.24,76.01
10/1/10,3210.372,2541.17,3856.44,3472.36,6380.29,652.77,5871.4,6921.72,7755.62,2465.41,4056.14,3503.95,69.42
10/2/10,2599.566,1850.94,4302.2,3406.58,6140.83,802.42,9406.15,4997.04,9083.19,2777.72,3480.79,3574.55,67.56
10/3/10,2868.108,2786.46,4730.94,3111.84,7530.61,1010.13,6238.33,5439.6,5913.71,2319.05,3039.7,3107.71,67.97
10/4/10,2337.216,2304.44,4236.45,3443.3,5499.83,739.85,7690.16,5715.5,8493.01,2884.42,3424.54,3660.98,72.37
10/5/10,2464.998,1705.68,4784.92,2717.7,6950.8,883.47,7274.63,5902.91,7756.84,2813.1,2686.23,4155.23,66.86
10/6/10,2777.916,1684.04,4592.41,2826.27,5790.68,585.96,6603.13,5655.36,7412.28,2647.3,3766.04,3551.68,69.64
10/7/10,2338.77,1934.51,2811.85,2966.37,5357.73,1002.55,8010.66,5792.23,6956.21,3047.8,3113.15,3399.53,72.55
10/8/10,3179.304,2340.51,5096.59,3682.29,4773.01,895.85,6734.05,5796.09,6176.29,2626.06,3172.22,3148,74.24
10/9/10,2379.804,1707.81,3500.12,2463.62,5856.25,870.44,6536.6,6671.16,7361.28,2532.15,3845.15,3185.1,71.69
10/10/10,1728.018,1869,4095.26,2741.22,7068.96,806.2,6917.96,5609.03,8268.1,2210.17,3079.47,3800.67,59.98
10/11/10,2915.886,2631.12,4432.29,3479.37,3260.38,859.96,8321.95,6028.96,6226.59,2981.94,3357.9,3136.11,69.78
10/12/10,2236.716,1521.46,3762.54,2625.32,5527.46,812.3,7895.03,6563.25,8126.49,1857.61,3508.34,4262.05,63.72
10/13/10,3183.522,1854.63,5152.24,3042.77,6868.93,1070.81,6639.16,4566.48,6997.09,2272.65,3526.82,3605.94,72.41
10/14/10,2581.17,2191.33,3221.81,3176.45,5747.44,721.31,7282.44,6508.06,7807.38,3183.59,3419.81,4580.65,71.87
10/15/10,3013.986,2343.81,3515.37,3259.01,6776.36,958.75,8071.41,7371.5,7778.68,2411.33,4125.33,4498.11,69.8
10/16/10,3238.122,2087.15,4176.06,3666.18,4603.14,722.69,6914.67,6457.82,8101.37,2805.79,3644.69,3107.36,73.99
10/17/10,2415.15,2118.13,3909.26,3093.08,4791.43,969.77,6793.19,6353.23,7696.07,2436.79,3269.01,3949.62,67.49
10/18/10,2745.186,1724.03,5390.36,3271.51,5370.6,1150.93,7164.06,6321.7,5432.75,2605.99,3657.19,3283.11,67.9
10/19/10,3214.92,2229.45,3759.23,3458,5534.18,686.03,8662.64,6190.78,7351.37,2909.04,3461.5,3810.13,77.88
10/20/10,3128.562,1344.58,5050.3,2076.77,6497.96,1031.1,6512.94,5821.62,7276.35,2059.54,3292.47,3333.91,70.84
10/21/10,3055.386,2071.93,4609.93,3637.65,5142.76,786.23,6784.18,5501.11,6140.66,3006.32,4034.81,3002.85,76.3
10/22/10,2783.4,2052.87,3310.73,2687.82,6585.21,1042,5384.69,6599.34,9787.22,2672.08,3443.07,2893.43,69.83
10/23/10,3335.424,2121.75,4474.53,3503.01,6105.27,832.09,8406.84,4186.83,4040.04,2919.37,4238.85,3555.86,78.54
10/24/10,2848.884,2299.92,3703.38,1968.77,4441.15,841.74,7101.15,5625.92,6507.35,3288.1,3701.91,3738.76,72.25
10/25/10,2877.576,2274.73,3968.81,2820.49,6817.37,1190.61,5468.68,5938.29,6732.57,2778.57,3950,4448.22,71.08
10/26/10,2551.41,1827.56,4590.44,3030.02,5075.76,755.41,7243.75,4591.13,7256.73,3373.81,4547.89,3038.02,74.15
10/27/10,2603.082,1324.22,4312.08,2746.84,5723.74,761.53,8070.66,6186.31,9295.19,2576.91,4369.63,4570.35,66.84
10/28/10,3313.014,1879.98,4974.32,3050.84,6199.11,877.47,6308.52,5033.76,4942.95,2735.27,3730.98,4238,78.22
10/29/10,2967.51,2368.02,3720.7,2722.34,6988.85,514.86,7353.21,6180.75,8352.3,2665.62,4158.92,2961.58,69.33
10/30/10,2694.966,2445.88,4418.55,3226.08,5859.5,1067.06,7317.32,6346.42,7404.46,2489.61,3408.88,4150.63,69.6
10/31/10,2643.528,1975.97,3907.52,3195.23,6241.11,1016.63,6936.43,6276.76,6030.28,3326.87,4141.09,2885.27,75.16
11/1/10,2126.562,2299.91,4314.08,2985.44,5435.1,710.34,7163.74,6127.32,9092.47,2478.7,3322.98,3678.19,68.05
11/2/10,2919.948,2127.66,5197.06,2290.32,6621.23,857.98,7876.47,6600.75,6423.6,1525.7,4081.73,4216.59,75.47
11/3/10,3241.752,1984.07,3015.42,3600.37,5498.8,860.3,8377.17,7068.25,7801.04,2646.48,3081.38,2865.88,78.74
11/4/10,2843.058,2240.76,3655.19,2595.55,6450.38,1042.96,6221.48,6382.08,8987.15,2321.32,3024.66,3207.78,72.71
11/5/10,3071.55,2112.96,4601.51,2740.33,6515.76,668.48,8170.32,5860.05,7682.44,2375.23,3472.59,4451.88,69.33
11/6/10,3357.798,2082.71,4989,3120.53,6346.04,668.01,8219.66,5765.99,9921.01,2834.69,2668.73,3757.01,77.95
11/7/10,3636.33,2064.44,4360.11,2991.64,5552.87,911.14,7853.75,6803.75,6772.16,2364.61,4114.38,3896.03,79.09
11/8/10,3700.566,2308.36,3696.6,2885.03,6191.53,699.42,9374.16,6109.42,8738.43,2877.04,3943.99,3370.79,73.59
11/9/10,4010.91,1353.14,3490.59,3382.35,6863.1,785.14,6937.35,5224.3,7710.15,1923.18,3818.73,3944.18,75.09
11/10/10,4221.42,2174.43,4735.44,3658.74,5261.43,872.24,6416.19,5756.8,5814.71,2872.98,4111.19,3240.77,78.98
11/11/10,4638.414,1625.09,4387.56,2665.29,5845.94,644.92,6703.07,6948.64,8376.9,2801.55,3483.44,3934.69,84.6
11/12/10,4420.332,2096.6,3998.81,3125.05,5690.41,878.43,8340.76,4565.47,5699.61,2076.32,3644.29,3739.25,82.75
11/13/10,4249.686,2233.89,3875.27,2771.81,4897.34,640.18,7841.31,7325.23,8979.22,2751.36,4302.35,3539.36,74.77
11/14/10,3384.42,2187.18,3329.19,2687.11,6713.95,934.01,6624.7,6376.82,7858.01,2253.34,3613.26,2829.63,77.62
11/15/10,3011.022,1918.4,3705.6,2659.83,6607.18,776.72,8604.32,3915.6,6360.54,2840.55,4429.63,2682.22,76.87
11/16/10,3382.326,1458.1,4755.34,3493.96,8210.05,852.96,6628.63,6690.73,9106.43,2729.79,2918.18,3412.29,74.3
11/17/10,3548.712,1933.32,4682.3,3183.32,5599.02,894.01,8046.78,4661.94,6046.18,2194.49,3195.22,4429.34,75.45
11/18/10,2309.232,1994.93,4744.42,3790.11,5849.76,765.69,6894.93,5539.13,7503.1,3066.04,3717.58,3060.93,65.21
11/19/10,3062.274,2007.24,4554.65,2462.93,6375.05,1066.12,6532.61,6552.12,8346.1,2731.37,3124.8,3921.71,75.08
11/20/10,3323.244,2326.57,4451.94,3089.1,5971.58,948.13,7346.26,6173.86,6101.83,3236.16,4136.65,2804.31,75.37
11/21/10,2965.62,1802.83,4058.93,3748.96,5972.2,1073.48,7506.79,6818.62,5493.01,2985.28,3429.1,2923.59,75.63
11/22/10,3256.434,1712.84,4954.14,2782.96,6216.83,930.12,7199.01,7321.88,6929.52,2129.98,2824.96,2837.62,74.19
11/23/10,2864.988,2103.7,3871.77,3504.05,6278.48,851.46,8869.88,7043.92,7985.68,2747.66,4144.86,2723.54,71.22
11/24/10,3319.542,1978.48,4472.53,2902.1,7025.66,925.15,6879.79,6334.07,7755.37,2743.87,2697.2,3263.96,79.18
11/25/10,2471.166,2197.87,4657.46,3383.92,5100.55,551.55,7277.89,4962.05,7697.97,2145.72,3094.67,3394.95,71.16
11/26/10,6400.032,1582.59,4347.33,2796.38,6376.8,809.09,8455.23,6312.05,9464.35,2335.64,3494.22,3972.43,86.56
11/27/10,5612.766,2302.74,3933.52,2282.88,6501.89,799.87,5349.45,6158.8,7591.28,1475.62,3491.17,2838.17,79.72
11/28/10,4881.936,1912.58,4116.25,3246.53,6032.01,765.15,8489.77,5520.93,7295.61,3223.34,3937,4088.88,79.81
11/29/10,5443.008,2015.16,3433.28,2015.56,5543.3,804.8,6776.39,5458.96,8110.25,2520.39,2730.2,3196.97,88.76
11/30/10,6317.19,2357.28,4098.95,3721.21,5636.92,869.69,7137.19,5240.15,6445.21,2587.07,3523.97,3412.9,80.8
12/1/10,5301.876,1765.82,4057.13,3254.11,6042.11,885.31,6001.59,5856.81,7946.48,2583.94,3318.5,3615.03,87.22
12/2/10,4792.332,2409.4,5805.07,2975.01,5625.54,1012.54,7551.57,5418.31,5784.45,3002.66,2389.02,2677.07,79.14
12/3/10,4819.644,2162.66,3517.92,3561,5641.8,818.6,8917.97,6368.65,7522.86,2917.52,2783.44,4018.3,75.91
12/4/10,3558.45,1922.58,3825.54,2433.76,6332.14,854.06,7257.57,6203.48,6987.92,3403.86,3430.72,2924.73,71.4
12/5/10,3247.416,2054.83,3800.13,3260.1,8144.12,821.78,6940.57,6120.22,6108.71,3205.43,3987.3,4069.99,70.57
12/6/10,2298.06,2153.08,3851.85,2700.9,5086,931.44,9585.32,6542.78,6311.92,3033.93,3721.64,2850.24,69.41
12/7/10,3036.348,1890.7,4451.85,3042.23,5262.92,1001.78,8773.67,5381.08,7712.38,2403.81,3355.06,3897.95,70.84
12/8/10,2589.612,2197.1,3544.83,3656.74,6274.78,683.02,8145.95,5518.37,4726.98,2497.8,4114.59,4161.44,74.86
12/9/10,2867.256,1686.46,4073.8,3039.17,5232.89,955.43,6301.48,6711.29,5770.53,2851.73,3865.94,3638.67,67.49
12/10/10,3507.15,2542.37,3717.19,3568.16,5313.03,880.1,6674.24,5418.42,6978.5,3590.61,4416.45,3063.73,72.16
12/11/10,2556.612,2021.52,2901.25,3165.56,7709.59,888.78,8229.16,6681.36,7248.6,3143.46,3178.68,3880.66,67.46
12/12/10,3399.798,1702.48,4094.75,3315.57,7156.03,956.27,5350.45,5753.68,7920.42,2723.57,3793.13,3376.5,78.05
12/13/10,2382.468,1945.99,3681.29,3205.4,6402.32,925.94,7713.67,6811.68,7251.7,2651.28,3586.5,2938.36,70.2
12/14/10,2863.056,1916.81,3816.92,2855.49,5648.81,884.55,7548.03,4287.59,7149.69,2913.96,3164.73,3265.18,72.21
12/15/10,2841.6,2097.73,4969.87,3481.34,5401.73,727.77,6292.83,5425.39,7865.59,2750.68,3983.53,3734.53,68.19
12/16/10,2376.036,1902.71,4234,3435.61,8750.62,904.78,9122.41,5671.11,8551.7,2541.16,3522,3367.18,73.19
12/17/10,2817.84,1935.21,4661.27,2542.16,7261.35,941.47,5973.07,5444.91,5848.21,2181.94,3810.03,3074.49,67.57
12/18/10,3194.712,2020.32,3032.26,3479.7,5463.86,989.35,8391.2,5207.07,7008.06,2214.23,3727.01,3425.06,78.75
12/19/10,3936.594,1775.1,5211.07,2683.71,6318.29,1090.19,6595.43,6077.43,6484.89,3196.82,2566.85,4266.02,79.98
12/20/10,3087.924,1900.79,4973.7,2895.24,7438.34,777.56,7069.17,6425.96,5248.45,2682.03,4107.74,2870.12,71.89
12/21/10,2643.918,1769.26,2886.46,3576.68,5220.18,823.52,8634.25,6034.76,6787.24,3418.55,3792.97,3302.41,73.78
12/22/10,3642.702,1875.2,5885.23,2436.86,6971.87,816.22,5676.15,5915.22,6395.25,1947.98,3046.12,3681.58,76.42
12/23/10,4452.882,1873.99,2543.76,3363.04,5755.2,791.14,7491.64,5776.84,6705.14,2655.1,4211.13,4233.56,77.66
12/24/10,2940.414,1945.65,3200.92,3038.74,6585.77,880.94,5776.86,5899.12,6499.99,3062.78,2960.34,3947.1,76.83
12/25/10,2955.594,1911.2,4579.58,3274.53,6179.58,939.55,6151.16,5394.51,6052.21,2634.36,3645.34,3504.06,67.83
12/26/10,2779.14,1431.23,3251.86,3121.74,6635.81,1029.76,8747.01,5830.13,6157.18,3032.28,3391.83,4638.67,69.18
12/27/10,2820.984,1850.25,4650.69,2535.1,7080.3,836.61,7670.19,5443.21,8482.62,2251.73,2731.96,4092.62,71.69
12/28/10,2134.038,2096.03,3870.84,3853.58,5191.37,996,7173.43,6265.97,6373.68,2636.97,4443.8,3372.57,70.94
12/29/10,2613.822,1575.49,3882.54,2998.83,6183.44,1099.02,7925.57,7133.73,7363.49,3027.35,3156.18,4093.07,73.95
12/30/10,2956.326,2410.54,5363.96,2841.1,6626.21,1117.23,7806.34,5004.76,7563.05,2848.22,3117.95,2623.24,69.43
12/31/10,2171.76,2213.62,3913.46,3463.71,5973.45,1091.61,8123.65,5446.81,7329.19,2647.51,3691.57,2916.42,64.18
1/1/11,2966.502,1868.36,4824.41,4176.38,8251.32,952,6639.26,4338.84,6953.07,2679.9,3889.75,2392.44,72.49
1/2/11,2539.77,2274.93,3789.42,3169.68,5592.14,916.07,8388.93,6814.81,7493.15,2748.54,3527.08,3751.57,74.5
1/3/11,2744.484,1910.48,3852.22,2593.62,6359.32,755.25,8101.94,5686.71,5290.96,2667.34,3050.9,3856.47,70.54
1/4/11,2398.02,2069.71,4299.18,2766.5,6135.38,918.88,9477.81,5203.63,8663.85,2452.5,4075.41,3279.78,69.79
1/5/11,2424.642,1615.59,3712.87,3513.27,6880.54,800.2,7343.44,6736.76,7982.7,2684.17,3442.69,3938.8,70.06
1/6/11,2791.938,1910.76,4213.18,2752.13,7359.58,904.65,7454.89,4946.17,7186.48,2233.34,4120.13,3873.65,74.26
1/7/11,3360.336,2352.61,3297.06,2255.34,6240.23,738.03,7939.64,6228.01,7200.38,2805.76,3345.43,3701.38,76.23
1/8/11,2645.436,1701.29,4545.93,3545.78,6361.08,945.87,8295.89,3981.36,8388.24,2076.51,3601.86,3835.07,73.76
1/9/11,1972.398,2153.84,4679.73,2813.56,7656.7,925.36,6962.68,5561.21,7605.68,2679.84,3712.96,3707.17,68.52
1/10/11,2419.158,2493.25,2628.12,3402.45,7424.2,1066.88,8212.01,6070.24,7384.78,2498.18,4388.38,3805.98,65.57
1/11/11,2850.186,2132.53,4672.03,3082.07,7134,1024.46,7238.3,5395.05,7972.54,2130.81,3361.49,3784.47,68.55
1/12/11,2940.054,2509.58,3119.1,3076.61,5458.86,866.8,8739.94,7342.54,7812.3,2587.09,3657.25,3225.02,70.84
1/13/11,2201.136,1730.24,4093.25,2235.55,5874.59,850.34,7126.37,5758.37,8149.46,2578.39,3637,3929.7,68.5
1/14/11,2449.458,2270.97,3761.53,2890.84,5830.67,856.54,7518.97,5904.73,8158.4,3429.88,3872.82,3234.77,71.76
1/15/11,2873.598,1540.2,3738.32,3517.16,6274.51,953.03,9364.64,5864.76,7040.33,2786.25,4318.28,3872.19,67.9
1/16/11,3013.116,1802.96,3531.37,3022.22,6167.76,987.27,6348.34,5286.48,6494.73,2192.31,3127.43,3702.84,69.15
1/17/11,2115.162,2173.93,3320.28,3220.56,4798.59,724.32,7800.26,5950.57,8476.78,2397.21,4217.9,2820.82,63.88
1/18/11,2699.256,1536.67,3413.12,3398.89,5479.6,1026.81,6427.84,5918.36,6576.83,2904.62,3854.46,3704.15,73.93
1/19/11,3025.308,2384.7,3585.27,4133.2,7205.29,1006.72,9003.51,5617.56,7049.15,2866.08,2403.54,3329.66,73.24
1/20/11,2757.276,1830.12,3728.24,3360.98,4705.39,831,7896.3,6164.56,7244.69,2870.49,3858.46,4325.15,67.32
1/21/11,2916.09,1939.3,4330.19,3092.05,6248.88,910.71,5969.72,6297.43,9155.28,2190.5,3624.54,4283.63,72.47
1/22/11,3432.888,2208.67,4432.94,2128.91,5582.75,842.7,5451.85,5575.3,8351.28,3165.76,3821.68,3407.36,74.69
1/23/11,3364.884,2048.36,3985.8,2401.44,5351.44,904.95,7992.37,6677.57,8750.05,2865.06,3568.28,3895.48,77.7
1/24/11,2737.914,1840.1,3717.19,2120.79,6401.47,1029.25,7614.53,4291.38,5044.66,2327.42,3217.37,3521.12,73.37
1/25/11,2328.45,2029.68,4805.32,3053.06,6742.89,761.51,8829.33,6719.96,7092.99,2047.92,3878.55,4219.69,69.04
1/26/11,2403.42,2564.16,4184.79,2483.54,6521.16,943.67,6953.08,3974.04,5849.43,2846.87,3054.52,3481.98,66.65
1/27/11,2761.476,2415.39,2385.73,3064.99,6787.94,871.82,7521.24,5843.29,6568.21,3232.51,3032.39,2645.61,66.89
1/28/11,2823.984,1879.98,4451.39,2445.63,5440.57,824.65,8829.33,7563,7172.15,2763.8,3622.43,3786.28,74.29
1/29/11,3092.514,1754.64,4004.98,2998.52,7164.58,993.76,6876.25,5059.92,6381.18,2305.42,2893.82,2644.56,75.82
1/30/11,2776.032,1775.88,4751.72,2566.57,4654.47,771.85,7077.3,6651.36,8549.68,2823.96,3346.82,3679.97,70.94
1/31/11,2768.772,2280.5,4282.07,2981.41,4995.97,1023.37,6378.11,4719.81,8560.03,2633.94,3734.9,3562.12,70.4
2/1/11,2760.408,1998.91,5330.47,3688.2,4659.97,826.02,7723.67,6147.87,6390.67,2712.06,2823.31,3495.5,72.71
2/2/11,3575.85,1694.35,5320.76,2859.49,6079.58,1054.38,6462.68,5576.17,7264.58,2424.35,3291.17,4505.74,74.64
2/3/11,2514.312,2310.84,3835.53,3060.67,6146.31,806.86,5594.56,6900.39,6833.23,3024.49,3407.54,3173.32,64.94
2/4/11,2429.868,2069.59,3320.62,3191.67,5889.2,823.04,6550.59,7280.6,8035.79,2611.33,3265.13,2954.1,69.29
2/5/11,2995.788,2173.47,4580.86,2309.77,4710.4,880.74,8022.66,5513.4,6858.68,2797.33,3728.5,4571.96,72.31
2/6/11,2488.41,2433.36,4444.18,3096.43,5255.19,855.53,8168.48,6554.89,7806.8,3070.25,3667.93,3624.76,70.41
2/7/11,2772.72,1844.46,4754.43,2658.04,5865.99,732.9,7820.15,6106.31,7623.3,2937.5,3572.58,3751.64,66.56
2/8/11,2758.41,2447.74,5217.31,3343.24,6854.21,896.07,7625.89,4279.12,4476.86,2625.46,4001.39,3732.06,75.93
2/9/11,2799.876,2068.42,3084.32,3213.93,7392.98,604.33,7810.23,5705.82,8899.48,2503.34,2708.09,3779.25,72.23
2/10/11,2375.538,2401,3850.16,3591.56,7343.85,851.71,6041.76,6031.09,6098.78,2304.31,3734.55,3855.11,65.58
2/11/11,3440.604,1776.71,3775.66,2893.49,7149.03,903.3,7304.75,6362.72,5592.12,2844.87,3906.17,3872.65,77.27
2/12/11,3069.996,1820.77,4551.76,2304.28,5542.98,997.04,7128.76,7482.92,7552.28,2669.56,3221.64,3552.07,69.13
2/13/11,2441.904,2436.4,4000.84,2684.61,5817.68,821.57,8627.86,4770.4,8185.89,2912.35,3227.91,3452.24,67.72
2/14/11,2688.102,1842.53,3522.01,3953.24,5769.76,815.68,7440.13,7393.42,7442.31,2688.04,3893.43,3457.07,69.9
2/15/11,3206.922,2023.23,3951.02,3156.6,5905.69,951.62,7102.33,6431.66,6614.74,1886.75,4738.71,3560.11,70.42
2/16/11,2805.126,2546.92,3515.37,3474.27,6716.62,746.54,7187.49,5742.27,7695.94,2766.22,3763.69,3863.65,66.68
2/17/11,2356.68,2339.08,4965.96,2866.89,5111.55,633.87,7902.27,5917.72,8136.62,3320.23,2739.57,3832,65.54
2/18/11,2975.166,1778.22,4505.91,3493.68,6432.57,881.33,8937.06,5460.23,7067.7,2517.94,4161.16,3678.99,67.83
2/19/11,2887.938,1959.12,2336.86,2970.12,6537.4,991.39,7425.56,7324.79,7732.33,3271.51,3759.05,3348.71,69.28
2/20/11,2554.65,2127.02,4175.29,2954.5,4876.9,800.48,6554.06,7014.99,6524.84,2071.41,3771.81,4659.02,66.69
2/21/11,3300.564,2372.2,4604.06,2760.12,4331.92,807.42,8733.29,7056.66,7415.27,2750.96,3993.53,3827.96,77.27
2/22/11,3290.292,1200.22,3836.41,3114.56,5354.3,972.23,6586.51,7621.29,7835.69,2476.67,3231.07,3133.95,73.04
2/23/11,2879.814,2225.2,3539.63,3011.99,5726.56,847.93,7920.81,4319.01,6385.32,2433.7,2987.78,2962.31,70.23
2/24/11,2388.558,1668.13,4034.81,2743.32,5861.63,1054.45,5747.63,5600.97,7205.26,3212.06,3566.81,3103.35,69.6
2/25/11,2907.756,1971.01,4272.16,2416.73,5423.99,751.63,5697.01,4890.19,7452.85,1916.45,4368.9,4047.01,70.35
2/26/11,2101.194,1981.23,4047.23,2859.6,7031.13,934.46,7303.88,6154.8,8094.17,2592.19,3258,3024.53,68.62
2/27/11,2699.07,1863.8,5037.76,2804.28,6593.27,1052.83,7930.12,6845.7,8536.61,2942.03,3129.85,3758.18,73.88
2/28/11,2686.992,2390.44,4519.06,3255.17,5558.74,764.71,6249.4,5145.41,6181.82,2381.71,3015.66,3578.82,75.22
3/1/11,2523.744,1860.42,5155.07,3100.17,5737.09,707.71,8164.02,6356.21,8214.09,2839.47,4221.68,3112.79,74.15
3/2/11,2976.45,1970.17,4817.44,2871.21,6530.34,894.73,7402.98,6837.03,6353.83,2195.23,3390.62,3486.49,76.51
3/3/11,2007.492,1878.34,3717.49,2681.66,5950.64,775.01,5823.29,7077.29,8057.44,2997.06,3665.08,3959.75,68.91
3/4/11,2763.954,1479.93,4739.13,2345.62,6238.27,854.13,7368.15,5756.8,6427.45,2548.67,2773.7,3518.1,68.37
3/5/11,2676.21,1864.45,3803.81,2535.67,5575.82,769.86,7660.73,5374.76,6997.04,3092.01,3625.93,2877.3,70.39
3/6/11,1627.614,2089.25,3343.25,3063.38,6738.39,784.65,8723.76,5755.33,7325.15,2695.21,3879.91,3916.66,65.98
3/7/11,3082.218,1943.82,4882.56,3166.37,6692.52,798.33,6495.43,6568.1,6960.65,2623.17,3349.01,3488.92,69.06
3/8/11,2629.494,2213.32,3759.2,3197.07,6416.27,830.32,8969.82,7026.83,8428.67,1976.58,3736,3932.07,70.59
3/9/11,2738.652,1664,3970.7,2570.36,6146.84,787.91,8573.08,5709.7,8053.68,2275.9,3010.3,3825.97,72.67
3/10/11,2546.634,2346.08,4292.81,3275.28,4828.92,794.21,8151.98,4679.96,6149.4,2346.73,3200.16,3507.51,66.07
3/11/11,2215.932,1821.52,3758.46,3134.13,5654.03,896.62,8232.74,5628.4,6146.33,2787.57,4310.54,3854.69,68.56
3/12/11,3441.87,2307.2,3733.26,2186.32,7207.29,1095.37,7316.63,5553.16,6556.05,2624.45,4268.28,3829.89,75.45
3/13/11,3270.972,2221.46,3340.54,3414.7,4643.38,796.22,9022.86,5291.9,9576.19,2484.25,3637.59,3552.83,72.16
3/14/11,2924.982,1917.64,3920.32,3188.14,7413.15,834.56,7457.8,7247.87,8065.28,3237.81,2719.64,4340.03,71.4
3/15/11,3273.924,2054.49,4405.22,2633.75,6678.75,950.55,5583.32,7666.36,6846.94,3325.93,4116.35,3619.65,74.3
3/16/11,2178.096,2095.56,3622.69,2594.9,6814.71,825.95,7360.66,6270.75,5299.07,3098.73,3779.37,3177.79,71.7
3/17/11,2745.156,1829.24,4965.38,2734.98,5308.05,798.9,6750.6,7306.31,6683.1,2598.61,3793.47,3618.61,73.34
3/18/11,3073.08,1970.27,4166.22,3932.61,5410.02,925.22,6791.32,4565.23,9036.76,2720.82,3649.88,3315.12,74.56
3/19/11,2759.412,1983.31,4007.7,3350.38,5901.17,819.31,8243.61,6932.14,6272.49,2432.12,1897.84,3825.48,73.22
3/20/11,3526.524,2278.48,4621.52,2447.71,7307.95,1033.23,7578.73,5528.99,7277.34,2308.56,3301.72,3146.73,78.74
3/21/11,2234.292,1762.3,3618.4,3809.47,5591.01,767.97,7969.88,6405.37,7455.03,2635.07,3702.77,3563.87,63.5
3/22/11,2672.106,1968.08,4910.04,3085.7,7127.04,1142.3,7075.22,7390.25,7411.18,2451.72,3393.99,3056.17,68.84
3/23/11,3346.62,2018.88,4401.5,3543.59,5417.94,716.45,7148,6444.87,8592.3,3298.21,4237.23,3550.12,76.53
3/24/11,2799.978,2408.53,3373.05,2457.58,6408.22,822.99,8515.75,5238.33,8630.23,2866.04,3665,3157.33,66.49
3/25/11,2974.872,1789.86,5124.96,3287.27,6226.91,884.08,7267.83,5208.29,6674.72,2972.57,2910.23,3962.3,72.3
3/26/11,2180.334,2230.12,4532.08,3406.83,5495.18,783.59,7872.36,6400.83,6966.64,1977.94,4413,3781.11,68.61
3/27/11,2954.55,2087.71,3978.18,3023.89,7096.4,999.83,7573.08,6518.23,8290.91,2785.15,3705.35,2663.77,76.96
3/28/11,2082.168,2191.78,3819.16,3081.68,7178.94,851.88,8171.67,5858.54,8302.17,2500.21,2514.69,3154.14,65.52
3/29/11,3126.918,2000.13,4476.92,3295.6,3725.85,980.4,9456.24,5209.46,8397.09,2706.74,3707.04,3217.77,75.6
3/30/11,2306.346,2305.55,4617.78,2986.51,6763.16,965.91,7303.61,5883.26,5476.69,2582.2,3151.64,4184.7,67.52
3/31/11,2620.446,2041.09,3069.24,2970.18,6371.55,1135.08,6819.21,6416.49,9356.19,3078.08,3598.15,3746.01,68.37
4/1/11,3026.556,2047.49,4194.17,2807.38,6668.8,932.79,7584.59,4103.27,7272.68,2365.55,4522.3,4075.91,70.26
4/2/11,2952.498,2137.09,4045.53,2940.76,6776.01,868.89,8572.53,5951.91,8022.49,2724.93,4051.96,3146.8,75.32
4/3/11,2553.282,1586.44,4748.86,3123.02,7455.31,938.92,7476.46,6821.28,8584.49,2363.14,3759.21,3135.67,66.74
4/4/11,2617.794,1973.14,4539.86,3066.8,6526.19,948.96,8529.12,5217.8,6473.99,2349.74,4215.91,3571.56,67.54
4/5/11,2520.408,2019.16,4401.25,3276.92,5227.67,823.2,8236.55,6331.77,7337.31,2873.72,2868.45,4034.64,68.42
4/6/11,3077.814,2320.24,4870.54,2714.62,6366.78,968.53,7873.42,4781.4,7765.23,3202.83,3268.52,4312,76.22
4/7/11,3080.922,1949.53,4724.57,2650.01,6141.26,587.4,6640.11,7014.45,8657.88,2514.31,4391.47,3543.69,69.05
4/8/11,1849.698,1799.9,3821.5,2705.25,6110.86,1056.87,7712.98,6292.04,8801.4,2643.19,4192.17,3912.49,63.11
4/9/11,2870.208,2195.8,3638.04,2924.35,7268.69,1023.96,7913.51,4470.88,6859.58,2942.13,3262.07,3632.99,72.37
4/10/11,3200.742,2448.82,3970.76,3607.32,6266.84,577.7,7083.25,6546.26,7856.73,2239.34,4187.33,3944.7,71.82
4/11/11,1935.354,2068.44,4747.69,2541.07,6466.8,1047.85,6553.14,6004.45,7051.69,2056.78,3109.4,3731.07,64.28
4/12/11,2841.66,2066.59,4265.65,2916.73,7897.75,514.6,7220.42,5690.53,8350.15,2827.83,4328.57,3706.81,70.41
4/13/11,1718.442,1911.69,3110.48,2817.06,5467.38,1065.88,7296.46,5979.88,7555.47,2696.38,4193.88,3492.98,66.51
4/14/11,2651.976,1696.64,5176.4,3154.6,5921.33,808.67,6796.04,4639.8,7774.83,2621.95,3707.82,3711.46,69.46
4/15/11,2662.68,1512.22,4084.39,2141.2,6475.24,947.88,6759.71,5656.36,8931.84,2387.47,4192.17,4500.95,72.59
4/16/11,2679.678,1580.76,4475.13,3411.82,6153.42,858.74,5548.86,6472.43,8166.58,2362.23,3219.36,3344.41,65.79
4/17/11,3185.934,2021.81,4661.14,3018.28,6538.37,810.35,8502.83,6371.56,6895.23,2790.74,3657.44,3875.67,70.28
4/18/11,3091.98,2330.17,4274.21,3475.02,4783.62,904.92,7084.66,5282.37,7230.84,2299.51,3649.36,3471.19,73.48
4/19/11,2099.616,1755.32,4283.87,3065.81,6431.82,1035.99,7797.13,3622.32,6263.19,1986.48,4056.48,3530.19,69.54
4/20/11,3045.744,1795.9,4298.39,2736.28,5172.89,932.59,7780.14,4271.72,7207.02,2385.98,4517.07,3566.85,70.59
4/21/11,2044.71,1559.37,3475,2697.18,4938.41,918.21,6484.31,6650.64,8610.44,2113.63,3363.87,3669.68,62.4
4/22/11,3357.504,2282.56,4157.92,2561.31,6772.98,826.17,7970.72,5655.54,5380.42,2269.46,3415.37,3893.92,73.74
4/23/11,2672.532,2021.55,4208.71,2842.1,5891.91,905.15,8018.49,6227.91,7895.75,2612.33,4496.03,4620.58,73.9
4/24/11,1647.93,1843.11,3992.66,3698.35,6488.06,1159.29,8852.53,7222.21,7751.76,2537.39,4016.81,3950.01,67.04
4/25/11,2260.116,1847.79,4154.77,3421.43,4929.86,927.9,8652.18,5087.36,9257,2871.03,3474.48,4484.15,72.36
4/26/11,2575.932,1957.83,3993.9,2866.2,6594.23,898.5,6743.37,5575.76,9167.12,3000.64,3794.16,3556.77,67.6
4/27/11,2429.676,1570.68,4653.3,2812.18,6845.59,652.06,8220.67,5961.01,7184.31,2651.46,3189.6,1988.76,68.29
4/28/11,2680.794,1690.41,4230.62,3408.26,5982.33,982.23,8493.08,5616.06,7430.32,2271.44,3539.91,3486.16,70.22
4/29/11,2366.856,2231.16,4454.99,3583.99,7125.94,911.16,6204.17,4646.8,7248.83,2311.34,3417.6,3439.72,63.95
4/30/11,3190.734,2133.26,3261.24,3338.65,6071.67,841.07,7977.09,5865.59,7946.85,2447.3,3037.94,3049.69,74.51
5/1/11,3195.882,2244.35,4364.33,2898.22,5973.45,891.44,5765.97,6631.48,8125.97,2481.49,4103.58,4721.82,70.55
5/2/11,2333.598,1976,4099.25,2981.41,6446.72,781.66,7652.35,5856.66,6113.87,2018.58,3298.9,2713.14,70.62
5/3/11,3163.206,1870.11,3998.12,2920.09,5337.7,869.16,6513.66,6033.65,8733.33,2304.1,3195.94,3948.64,72.35
5/4/11,2672.328,1649.32,4635.23,3559.96,5998.1,786.24,7164.3,5488.44,7338.87,2051.63,3626.92,3462.57,74.75
5/5/11,3256.038,1733.99,4307.93,3718.61,5380.85,782.26,9242.16,6698.45,7640.49,2900.47,3507.56,3413.78,77.98
5/6/11,3210.918,1913.41,3543.17,2042.12,6207.36,1050.71,5999.98,4810.91,6483.19,2395.18,3518.35,4054.69,72.49
5/7/11,2145.21,1786.59,3997.89,3057.58,5495.18,925.85,6869.78,6989.38,5555.37,2519.57,3827.15,3272.77,71.49
5/8/11,3253.356,2277.97,4456.79,3320.27,5701.23,762,8665.53,7422.15,7858.22,2665.48,2894.88,3723.92,71.48
5/9/11,2505.984,2107.03,3230.38,3053.72,5394.77,944.85,7469.22,3316.93,8002.74,2128.06,3697.39,3917.01,68.22
5/10/11,3227.79,2260.92,3091.18,3141.33,5618.62,927.62,7608.34,7304.26,8938.47,2132.32,2818.25,2810.92,75.24
5/11/11,3005.01,2126.14,4212.18,2279.2,4821.31,1161.17,6089.3,7119.49,8519.46,2608.7,4309.51,4188.8,77.31
5/12/11,3249.636,1948.34,4031.01,2701.17,6351.79,955.37,6466.97,5518.83,6958.69,3245.44,3729.32,4020.48,70.62
5/13/11,2689.314,1798.76,4764.07,3515.21,5846.54,861.14,9225.41,5706.3,5935.2,2724.57,3474.01,3419.44,74.42
5/14/11,2566.332,2225.02,4672.16,3473.73,5724.73,1072.07,7320.47,6632.31,7763.22,3291.36,3819.73,4533.54,71.29
5/15/11,3059.952,2238.44,4189.07,3049.92,5473.01,1003.14,8555.21,6467.74,5992.14,2923.48,4149.5,3643.51,71.87
5/16/11,3147.612,1970.72,5320.59,2651.02,5548.31,834.88,5945.49,5394.62,7331.19,3351.28,3824.64,3020.68,74.24
5/17/11,2351.094,1660.72,4079.48,3106.35,6560.3,809.9,7727.87,5991.62,6785.75,2733.24,3675.31,3225.81,70.14
5/18/11,2646.93,1263.36,3407.18,3032.8,6523.84,992.05,7783.92,6423.26,7051.93,2698.97,3183.21,3081.12,71.75
5/19/11,3117.498,2732.85,5143.49,2614.81,6029.83,880.97,6742.93,5912.98,7232.46,2956.04,2981.32,3792.64,68.54
5/20/11,3315.636,2186.34,3803.26,2791.24,6695.75,841.53,7491.51,5387.5,8372.7,2288.95,4320.72,3347.63,73.52
5/21/11,3206.25,2197.46,3875.35,3435.26,6400.27,922.83,5909.07,5426.63,7253.41,2317.31,3158.38,4106.04,76.8
5/22/11,2908.992,2027.81,4494.78,2292.49,5585.92,1005.44,7295.46,4908.19,6553.82,2817.91,3342.99,2962.07,72.15
5/23/11,2587.722,1909.5,4373.91,2521.92,7433.46,878.98,8682.45,6397.3,5744.23,3349.14,3255.98,2959.44,71.86
5/24/11,3242.25,2266.19,4691.95,2996.82,6682.42,902.88,6852.54,5857.78,8569.5,1965.34,3320.76,4296.7,76.45
5/25/11,3342.39,1803.91,4012.6,3240.72,6121.26,789.33,7188.55,5376.37,8149.5,2203.83,3819.35,3742.47,72.88
5/26/11,3135.87,2061.32,4863.27,2698.7,7050.38,772.69,6806.16,7074.52,9603.15,2644.13,4060.54,3047.09,75.36
5/27/11,4682.19,1956.6,3757.04,2860.14,5291.26,862.86,7127.12,5346.11,6677.16,2460.65,3451.94,2556.08,81.51
5/28/11,4952.85,2036.35,4810.06,3087.53,6506.46,660.95,7476.37,5813.28,5997.36,2195.36,3370.06,4707.28,77.26
5/29/11,4015.11,2206.1,4488.64,3384.79,5457.21,790.79,6553.3,6479.57,8717.99,1581.93,4147.37,4186.61,74.26
5/30/11,4047.06,2188.83,4523.43,3379.8,5375.16,855.65,5490.14,5555.48,6608.68,3062.04,3452.91,3828.22,82.48
5/31/11,4980.99,2417.51,4722.08,2181.65,5416.81,871.48,7192.32,6336.84,8047.46,2844.21,2345.22,3198.71,75.85
6/1/11,3331.086,1789.91,4261.43,3553.45,6671.55,891.13,6663.62,6314.86,7757.26,2655.16,3536,3788.92,72.63
6/2/11,3298.746,1742.34,4633.63,3806.33,6086.3,871.58,9181.44,5424.3,5109.44,3197.91,3495.29,3935.49,73.93
6/3/11,2662.128,2029.79,4668.86,2323.26,7428.91,977.66,7945.45,3912.26,8141.86,2212.22,4351.6,3775.32,74.92
6/4/11,3285.09,2384.75,3430.71,3497.85,4381.14,980.22,7262.59,4718.34,7154.65,2251.97,3505.43,3527.41,77.19
6/5/11,3296.58,1785.42,5034.76,3053.07,6065.26,772.62,7832.23,5121.95,8864.66,2361.28,3105.11,3994.46,77.84
6/6/11,2652.948,2515.08,3862.01,3086.55,6623.47,834.44,7014.56,5320.41,6673.3,3060.97,4045.87,3403.11,66.82
6/7/11,2115.096,1729.95,3377.93,2814.63,6486.24,903.09,5168.05,6349.57,7898.15,3043.15,4320.93,4217.81,70.3
6/8/11,3398.478,2307.29,3907.94,3185.67,7083.08,884.99,6643.59,5041.63,8195.91,2456.56,2902.82,3609.44,71.06
6/9/11,2707.806,1523.8,3882.43,3606.54,6197.7,799.88,7021.7,6725.79,8760.95,2014.54,3192.55,3548.38,67.46
6/10/11,2541.414,1858.32,3972.34,3291.74,5831.45,755.48,7715.88,7039.64,8623.51,2679.53,3329.34,3171.4,65.87
6/11/11,2684.646,2068.72,3765.35,3585.21,6048.33,581.73,7088.95,6284.09,6983.16,2789.48,3878.55,3546.28,69.92
6/12/11,2547.192,1943.32,3874.48,3648.22,5906.73,950.92,8103.68,5721.92,7651.94,2701.03,3131.24,3945.56,71.24
6/13/11,2984.388,2476.34,5232.09,3003.8,6288.88,798.54,8586.24,7593.4,9278.05,2308.95,3000.32,3634.96,76.07
6/14/11,2299.818,2286.11,4659.6,3458.55,6697.16,953.96,8223.4,6351.4,7979.35,2220.66,3049.02,3981.75,67.86
6/15/11,2822.55,1873.88,4369.37,2858.59,4346.98,695.94,7947.05,6105,8408.56,2667.98,3743.9,3472.57,75.8
6/16/11,2168.136,2038.94,4597.8,2958.07,5357.6,890.28,7363.29,6214.11,8607.6,2757.93,3628.79,3887.56,63.51
6/17/11,2089.548,1939.42,5768.81,3100.31,5313.11,927.07,7857.62,5801.44,7213.03,2470.2,3365.07,4398.59,67.74
6/18/11,2875.164,2014.64,4260.93,2646.79,6252.45,874.94,7837.31,5837.14,8376.47,2692.21,3330.14,2757.75,75.99
6/19/11,3046.332,2382.71,2610.68,2785.63,6698.46,930.36,5940.15,5357.23,7643.77,2407.57,3613.56,3364.43,74.76
6/20/11,2832.462,2017.59,3837.08,3080.46,6180.82,877.07,8297.46,6026.89,8129.22,3745.85,3658.69,3340.84,66.72
6/21/11,2677.428,1797.84,3606.5,2836.67,5158.25,665.03,8150.34,7023.04,8166.98,2499.16,3062.36,3373.74,69.44
6/22/11,2641.248,1955.6,4718.99,3440.05,6090.18,984.38,8042.92,5016.84,7443.97,2803.23,3603.03,3512.62,69.34
6/23/11,2995.02,2037.6,4054.32,3139.87,7301.76,894.57,7410.61,4760.31,5754.82,2651.23,3187.45,3364.34,72.63
6/24/11,2500.86,2223.45,3262.82,3126.03,7135.44,1001.04,6152.03,4584.92,6155.12,3224.16,3643.83,4207.5,69.32
6/25/11,2763.252,1645.98,4473.42,2887.76,6657.02,824.31,5809.16,6002.7,7749.45,2359.28,3244.67,4204.42,66.26
6/26/11,3211.26,1540.48,2953.11,2734.34,5336.59,958.87,6871.58,6851.45,7368.22,2642.43,3613.14,2268.43,72.72
6/27/11,2963.796,2149.39,4298.2,3757.33,6892.44,933.3,8761.25,5658.97,6840.66,3232.91,3450.9,3505.9,72.21
6/28/11,3346.152,1997.58,4270.47,3345.99,5134.12,913.27,5823.86,5259.67,7277.74,2113.81,3219.84,3721.41,72.76
6/29/11,2961.426,1607.27,3958.36,3621.32,5785.69,859.58,5476.06,5718.45,7510.77,2990.95,3951.16,3191.72,76.77
6/30/11,3128.898,2021.2,3811.94,3035.68,7408.28,991.24,8101.7,6151.33,8192.89,2503.26,3948.79,3030.46,77.16
7/1/11,4603.518,1499.24,3795.28,2550.13,7067.45,922.85,8769.52,6686.06,5818.63,2592.16,3156.62,2936.55,81.17
7/2/11,3937.62,1940.22,5109.24,2975.4,6128.54,864.75,9269.71,6648.41,6514,2332.35,3199.13,3559,78.21
7/3/11,4083.846,1982.29,3865.2,3390.92,6556.07,1070.12,6634.53,5561.89,6341.26,2847.72,3091.02,3433.13,77.39
7/4/11,5131.86,2535.39,4227.1,2710.23,5600.03,702.84,5105.74,5487.59,9698.29,2400.41,3451.21,4387.93,80.15
7/5/11,3804.996,2334.4,4353.98,3016.4,5699.62,940.57,7003.4,5661.25,7899.22,2951.6,3008.85,4106.6,76.51
7/6/11,3802.026,2076.81,4822.6,3345.63,8336.01,814.79,7329.91,5519.33,5731.29,3001.3,2872.12,2865.42,80.81
7/7/11,3468.792,1932.93,4449.06,2864.93,5252.28,938.77,8554.74,5913.3,7780.23,2184.73,3871.9,3921.26,73.86
7/8/11,2819.532,1925.32,4310.13,3311.53,6224.63,1037.16,7231.79,4047.21,7596.9,2535.15,3625.84,3196.78,74.04
7/9/11,3865.812,1697.19,4120,3187.99,5099.6,928.59,7296.83,7030.1,5437.13,2519.89,3583.81,2967.71,78.66
7/10/11,3147.9,1775,3428.97,2475.92,5742.34,963.78,6524.73,6154.04,8005.75,2832.34,3685.07,3044.3,76.24
7/11/11,2784.228,1708.36,4514.6,2821.71,6572.52,785.47,8503.58,5128.13,7530.52,2947.75,2564.86,3505.58,75.29
7/12/11,2609.214,1823.97,3496.33,3067.43,7681.92,911.62,7464.65,5338.3,7543.26,2596.77,3644.25,3972.43,70.42
7/13/11,2365.104,1853.34,3951.18,2541.43,6381.77,834.88,9941.96,5200.42,6831.56,2387.85,3179.49,3716.67,72.55
7/14/11,2710.47,1981.09,5507.89,2305.46,5916.86,900.31,4492.78,6232.45,8235.15,2705.64,3674.65,3687.94,74
7/15/11,2499.924,2240.13,4113.1,2844.83,5562.67,876,7664.61,6813.36,7798.03,2609.58,3476.6,3559.61,68.32
7/16/11,2921.412,1651.18,4316.54,3572.51,7248.88,1047.01,4449.59,6731.09,6899.67,2744.34,3862.45,3003.8,73.59
7/17/11,2513.838,1276.05,2629.49,3231.75,6723.58,794.39,7346.03,5968.86,6552.43,2361.64,4311.51,3595.7,69.17
7/18/11,2262.738,1730.41,3702.83,3701.19,5411.4,692.53,8059.44,3732.12,6600.8,2547.34,3437.99,3729.13,70.3
7/19/11,2924.16,2146.59,4120.57,2610.1,6638.21,840.93,7518.57,7328.19,7004.07,2664.53,4121.87,2999.98,72.43
7/20/11,2617.518,1770.64,4609.4,2689.96,6036.64,843.73,8323.75,6362.42,8497.42,2031.65,4208.12,2981.38,72.21
7/21/11,2432.172,1472.81,3928.31,2537.93,6355.92,853.42,9280.95,4930.06,5848.93,2950.32,3339.01,2980.32,73.25
7/22/11,2784.708,2335.95,4261.31,2948.06,5583.93,957.77,6748.23,4513.84,6538.25,3073.44,3872.49,3593.32,69.67
7/23/11,3242.388,2351.55,3248.51,3296.12,5931.14,942.29,9566.97,5561.1,7063.09,1501.29,3793.81,3952.41,70.55
7/24/11,2814.3,2066.62,4686.76,3057.94,5909.95,861.93,7203,6914.01,8360.83,2511.57,3682.86,3878.24,73.07
7/25/11,2498.802,1974.44,3384.34,3272.18,7037.32,808.81,7380.2,6290.7,7273.13,2653.37,4205.82,3499.62,65.69
7/26/11,2787.444,1713.87,4348.11,2986.12,8634.13,891.89,9306.55,6032.63,5813.7,2723.12,3379.01,3480.59,73.5
7/27/11,3106.068,2009.55,4385.54,3277.92,5928.45,1049.29,7599.91,4532.73,6932.62,2588.67,3948.19,2987.89,77.68
7/28/11,2840.076,2127.24,2995.64,3825.8,6333.8,845.35,6917.96,5472.77,8351.99,2078.09,4011.45,3324.45,67.54
7/29/11,3017.748,2379.72,4635.25,3117.4,6007.97,772.22,8896.96,5639.93,7921.36,2673.84,3330.99,4193.6,68.86
7/30/11,3221.928,2271.57,4316.94,2956.22,6246.68,1106.06,6781.52,7283.7,7881.68,2581.7,3363.9,3569.9,75.67
7/31/11,2948.826,1940.65,3576.11,2973.71,5238.82,842.35,9058.08,6164.01,5687.26,2806.51,3140.85,3916.38,75.41
8/1/11,2228.382,2412.29,3722.05,3527.36,5871.13,782.21,8476.89,4598.66,7300.43,2160.73,3431.88,3852.79,63.71
8/2/11,2848.38,1821.86,4218.5,3305.22,5066.4,815.74,8084.77,5272.61,6092.43,2556.05,4144.46,3769.99,75.23
8/3/11,2812.488,1871.69,3928.65,2893.86,6089.25,945.94,6832.08,5599.69,7044.77,2926.95,2982.88,3522.24,70.97
8/4/11,3062.58,2347.81,4173.67,2361.13,5071.28,839.93,7471.09,5165.95,8671.1,2302.21,3480.07,3141.07,75.85
8/5/11,2128.548,1666.71,4265.97,3567.96,6070.05,1234.96,7920.6,7806.19,6530.03,2744.6,3469.62,3338.28,62.49
8/6/11,2438.1,2384.47,4800.52,3697.23,5502.61,624.06,7151.51,5831.79,6100.6,2661.34,3955.68,3651.79,66.23
8/7/11,2907.03,2131.79,2905.36,3412.81,6213.1,901.38,6900.4,5989.61,10039.6,2703.4,3583.03,5163.91,68.01
8/8/11,2496.966,1530.79,3983.09,3133.1,6112.79,770.09,7476.64,5392.71,9006.62,3487.94,3214.07,2831.75,69.1
8/9/11,3121.488,2013.79,4899.15,2435.13,5193.1,848.94,7349.21,6202.56,6970.89,2848.12,4507.64,3118.18,68.34
8/10/11,3105.876,2144.93,4354.16,3719.17,6213.73,926.52,7115.39,5157.45,6120.1,2293.64,3576.21,3317.63,69.69
8/11/11,2467.104,969.31,4621.94,3148.2,6033.89,1104.47,9290.77,4520.14,7639.12,2257.51,3022.21,3814.55,64.4
8/12/11,2641.89,2265.99,2540.16,3438.17,5590.62,928.56,8110.27,5761.19,7833.4,2415.73,4084.87,3458.68,72.25
8/13/11,2563.752,2419.85,4260.95,2993.61,5233.06,1177.26,7463.17,5695.68,7891.71,2978.72,3415.46,3208.59,70.72
8/14/11,3440.55,2492.48,3650.6,2555.86,6969.43,770.96,8829.97,6377.88,7896.87,2578.12,3003.5,3369.05,71.71
8/15/11,2727.57,1842.75,3506.38,3055.42,5620.64,1198.8,8333.58,5347.5,7064.33,2753.17,4152.92,3093.6,68.29
8/16/11,2367.726,1999.8,4283.15,2987.53,6357.88,992.49,7910.63,5159.95,8251.74,2987.08,4172.18,3857.96,71.55
8/17/11,2336.016,2233.25,3982.34,3037.84,6586.01,801.11,6388.73,4893.69,7306.63,2269.48,3879.06,4618.9,71.94
8/18/11,2950.134,1910.25,4153.02,2566.64,4621.58,746.82,7285.14,5608.99,7304.89,2908.09,4039.51,3605.19,67.82
8/19/11,3241.566,2123.44,4810.9,3050.28,6557.47,1029.55,7420.65,6401.78,6308.31,3074.52,4055.74,3395.52,72.89
8/20/11,2894.136,1667.53,3891.67,2284.32,6464.94,908.26,7581.24,5196.45,6752.75,3058.34,3505.71,4805.11,70.05
8/21/11,2966.226,1819.57,4188.84,3163.69,6818.24,773.84,7018.13,5770.45,6041.6,2408.69,2607.01,3310.77,75.06
8/22/11,2619.198,2017.08,3682.1,3274.6,5955.09,1029.76,7311.97,6830.33,8114.18,2669.68,4265.15,3690.44,71.08
8/23/11,2568.786,2266.93,3751.56,2723.57,5921.85,697.89,6427.94,4290.54,6883.08,2282.3,3465.24,4013.75,70.01
8/24/11,3140.64,1853.86,4587.66,2996.53,7010.86,787.12,9003.14,6421.72,8518.58,2985.71,3789.05,3323.85,74.53
8/25/11,2851.026,2333.76,4438.9,2525.73,4625.31,854.78,7513.24,5866.92,7979.76,2870.74,4321.48,3900.77,75.65
8/26/11,2959.728,1803.5,5110.73,3268.1,5196.46,883.66,7471.9,6385.91,8542.82,2402.62,4143.1,4130.62,69.12
8/27/11,2453.934,2049.61,4097.12,3012.43,5317.51,988.33,6660.91,6379.14,7696.54,2386.32,3819.51,3936.84,68.33
8/28/11,2910.3,2122.44,4096.99,3636.63,6263.84,818.35,7045.22,6121.32,8213.97,2258.94,3737.7,3431.58,66.99
8/29/11,3403.374,1910.48,3783.45,3018.15,7412.67,700.49,4656.47,5938.07,4970.15,2687.01,3689.75,1481.67,74.55
8/30/11,3482.322,2090.7,4523.56,3067.52,4506.14,887.61,6686.6,6108.18,6476.85,2986.42,3505.04,3628.24,71.37
8/31/11,3215.142,1753.04,3746.62,2607.25,5243.12,1023.42,8137.37,6080.56,6436.31,2544.76,4892.43,3884.59,71.14
9/1/11,4582.944,2542.28,4234.1,2766.94,5230.93,999.62,6742.48,6903.69,7904.45,2814.98,2897.09,4177.31,82.39
9/2/11,4666.212,1952.8,3667.47,2897.45,7603.58,808.37,6175.29,5575.27,7724.74,2159.61,4340.12,3860.04,75.73
9/3/11,5543.97,1560.16,3838.26,3482.25,7397.59,880.05,8391.76,6611.54,7940,3033.73,3304.45,2797.08,85.06
9/4/11,4492.482,2054.3,3983.56,2500.56,5218.79,922.75,7318.78,5511.76,7152.78,2527.65,4150.38,2820.41,82.25
9/5/11,5328.774,1626.58,4348.71,3228.01,7202.44,579.92,8198.29,4362.55,8223.75,2262.81,3547.74,3584.73,84.21
9/6/11,3301.074,2631.11,2857.89,3023.44,4279.57,914.31,8262.19,6053.65,9000.73,2982.89,3732.45,3822.3,75.07
9/7/11,3534.834,1898.26,5241.05,2578.04,6231.75,756.06,6008.55,5732.34,7257.98,2939.99,3706.85,4553.65,71.12
9/8/11,3323.376,1832.93,4648.97,2485.1,6197.14,833.15,6949.96,6635.11,5048.21,3071.28,3334.1,3236.51,77.7
9/9/11,4052.976,1911.58,4312.58,2594.94,4067.12,843.07,7568.76,5503.14,7339.53,2229.48,3947.26,4772.7,73.17
9/10/11,2506.44,2111.11,3867.89,3164.56,6434.54,829.25,7181.9,5700.31,9263.08,2335.91,3278.63,4154.07,71.2
9/11/11,2570.88,1905.17,3970.13,3008.27,5823.2,776.38,6578.28,7322.55,8076.66,2683.94,3250.66,3603.33,67.85
9/12/11,2509.08,2639.24,3317.74,3204.62,8070.68,920.28,7666.79,5626.86,7466.51,3046.73,4011.92,4046.91,72.57
9/13/11,2823.492,1658.72,4582.43,3444.97,6903.91,842.65,9111.12,6617.92,7562.7,2625.99,3877.19,2776.76,73.45
9/14/11,2128.008,1844.75,4383.36,3017.16,6465.75,726.05,7191.71,5266.41,6742.28,2779.12,4007.05,4067.66,67.12
9/15/11,2636.946,1640.78,4017.47,2788.06,6233.47,941.16,7518.4,6798.26,6425.83,1763.38,3321.47,3574.34,69.6
9/16/11,3414.942,2484.06,4207.02,2434.66,5348.21,841.71,8143.49,5632.18,7841.75,3117.72,2706.34,3228.24,73.8
9/17/11,3067.62,2209.8,4623.48,2558.36,5208.23,740.72,8202.57,5622.14,8281.91,2674.43,3787.37,3454.42,70.93
9/18/11,2684.388,2087.4,4624.01,3338.25,4568.48,937.05,7344.25,6418.4,6274.46,2766.37,3031.18,3041.29,74.15
9/19/11,2902.362,2100.88,4392.05,3177.89,6130.75,952.8,6917.57,6925.04,8247.79,2550.23,3226.91,3629.68,75.64
9/20/11,2628.552,2139.15,3077.31,2941.62,6257.97,737.35,7676.29,6368.35,8580.32,2186.24,3630.03,4744.13,70.95
9/21/11,3585.486,1651.49,3377.9,2850.95,5953.8,793.96,6969.5,5543.77,7408.59,2512.7,3734.98,4229.28,74.71
9/22/11,2952.216,1871.08,4002.23,2027.94,6669.94,661.69,5275.04,6287.85,6343.06,2595.56,2380.32,2797.1,69.86
9/23/11,2150.604,1634.61,4754.58,3380.51,7318.21,801.46,8157.63,6370.8,7142.31,2458.66,3704.61,4539.52,68.64
9/24/11,2855.922,2431.05,4492.24,2581.47,5995.77,904.81,4889.58,5210.35,7727.23,2535.23,3564.84,3696.74,71.64
9/25/11,3464.052,2365.89,3600.99,3264.25,5711.39,629.55,8335.71,4844.12,6766.34,2084.84,3256.89,3700.41,78.93
9/26/11,2602.266,1946.37,3721.53,2743.06,5528.41,971.44,5874.36,6033.23,7480.67,2660.48,3108.89,4389.28,70.73
9/27/11,2909.688,1960.21,4239.36,2457.6,6382.96,978.83,6767.91,5570.31,6014.81,3142.27,3477.33,3574.7,71.03
9/28/11,2636.37,2184.88,3255.09,3228.62,6048.22,882.12,6463.25,6193.64,6305.16,3413.48,3864.4,3906.2,70.47
9/29/11,2442.936,2057.96,4442.23,3124.94,6542.35,730.1,8729.23,6477.81,5076.9,2661.92,2479,3883.72,70.96
9/30/11,2490.996,2076.17,4581.33,3232.95,4910.4,1130.84,9137.12,5037.44,8527.49,2137.49,3762.39,3973.73,65.36
10/1/11,2954.148,2198.19,3496.86,3518.13,7019,918.66,7108.2,6162.71,5839.74,2833.49,4088.23,3882.33,68.59
10/2/11,3586.452,2078.95,3919.32,3186.94,5988.98,919.68,7032.97,6317.8,6925.01,2561.26,2600.3,3322.34,73.5
10/3/11,3198.312,1606.22,4756.7,3257.73,6583.02,903.55,9433.53,6005.89,8476.93,2177.66,3806.04,2987.42,70.22
10/4/11,2297.46,1680.66,3603.62,2946.17,6876.59,930.04,7665.96,6603.43,7444.59,2659.99,3421.19,3488.26,65.92
10/5/11,3303.546,1854.3,3933.31,2964.43,6660.96,957.86,7438.69,6571.76,8863.41,2458.54,4172.84,3629.45,75.18
10/6/11,2844.102,1949.72,3480.47,2946.13,4670.04,945.13,6695.44,6548,6432.87,3063.08,3274.67,3629.26,70.19
10/7/11,3639.624,1897.59,4269.13,2673.66,4348.39,896.93,8118.88,6776.79,8312.05,2790.88,2927.4,2773.71,72.34
10/8/11,1860.078,2007.92,4209.13,2573.16,7466.18,1034.08,9193.19,6454.48,6460.85,2404.36,3216.45,2955.46,60.4
10/9/11,2893.152,2041.58,4293.89,3377.87,6123.65,1045.58,7762.47,7029.92,7952.87,2824.49,3212.84,3355.01,67.17
10/10/11,3461.982,1845.27,2877.51,3201.19,6307.41,953.08,7507.54,6674.25,8803.73,2509.8,3361.65,2877.92,74.32
10/11/11,3243.678,1903.57,4862.3,3249.07,4303.41,800.35,8739.98,5711.25,8800.07,2557.01,3619.02,4214.19,76.7
10/12/11,2771.208,1839.85,4371.4,2635.25,6728.94,879.83,6687.45,5723.36,7048.65,2835.74,3343.83,3798.65,66.36
10/13/11,3000.492,1991.09,4565.7,3310.1,6545.42,786.59,8644.22,6956.92,5578.07,2529.96,3373.72,3887.56,68.66
10/14/11,3106.878,2106.36,4571.4,2238,7336.79,1053.13,6670.54,5931.43,7004.11,2405.43,2772.95,3506.04,68.61
10/15/11,3166.182,2691.12,4301.45,3215.97,5255.73,690.43,8606.49,6678.17,7073.78,2629.92,2936.35,3126.07,77.58
10/16/11,2711.568,1748.32,3887.52,3497.6,6191.95,889.09,7308.91,6086.17,8290.71,2702.45,3729.87,3008.72,71.28
10/17/11,2368.506,2310.96,4032.14,2546.14,7014.64,706.14,5888.34,5723.65,7057.28,3109.17,3661.38,4457.57,67.07
10/18/11,3389.85,2270.84,3649.7,2455.31,4902.91,941.52,8850.68,4903.33,6893.72,2386.73,3720.39,3684.2,76.28
10/19/11,2028.672,2080.82,4979.51,3256.56,7101.57,999.14,7787.01,5124.05,6741.56,2691.33,3823.86,4144.28,62.69
10/20/11,2838.246,2020.05,4157.05,3568.97,6533.89,682.37,7164.25,6569.8,6245.28,2718.6,3252.14,3330,73.1
10/21/11,2297.178,1903.7,4591.89,2754.49,4998.2,911.01,6269.95,5761.74,8445.88,2804.57,3514.25,3934.26,67.51
10/22/11,3049.782,1851.25,3682.02,2677.82,6608.74,1017.44,6633.57,6262.7,8157.32,2449.7,2890.44,3220.09,75.06
10/23/11,3090.732,2018.34,3875.83,3370.77,7599.9,975.53,6849.57,7697.33,5036.27,2702.31,3179.97,3013,71.83
10/24/11,2880.228,1891.95,3826.21,3401.41,6219.88,987.74,8607.35,5804.06,7292.62,2475.67,3280.26,3771.07,68.37
10/25/11,3020.856,2608,3646.15,2987.69,7769.36,761.02,7880.38,6713.9,7331.63,2948.81,4202.86,3650.55,76.52
10/26/11,3391.11,2536.71,3519.73,3810.43,4837.47,1006.29,6442.43,6513.5,9154.25,3015.24,3291.57,3140.43,77.57
10/27/11,2927.508,1736.98,4549.73,2259.77,6456.14,1060.84,7966.74,5400.68,5980.56,3122.25,2745.78,4404.77,74.1
10/28/11,2718.174,2045.78,4311.03,2797.46,6891.74,778.57,8005.9,6656.31,8219.48,2634.31,3885.06,2545.45,74.39
10/29/11,2714.55,1853.76,3770.02,3186.74,6094.92,900.9,6905.49,7081.46,7143.9,2625.57,3925.86,3671.11,70.75
10/30/11,3103.464,2098.45,3486.08,3301.77,8486.1,921.82,6743.77,4526.44,7029.68,1971.77,3782.23,2722.21,77.93
10/31/11,2675.436,1846.14,4559.55,3541.45,5643.23,854.48,7635.87,5583.96,8940.88,2388.41,4253.24,3837.42,65.86
11/1/11,2179.992,1798.73,3602.36,2750.6,6882.28,951.8,7433.88,5635.44,6992.9,2469.98,3855.35,3636.89,71.84
11/2/11,3176.904,2217.36,4174.41,3287.65,6660.04,804.32,6405.71,5530.13,6167.32,2245.79,3165.76,3996.08,74.96
11/3/11,2613.582,1937.18,3833.75,3013.39,6814.04,871.42,9382.07,5077.07,8589.5,2471.27,2983.59,3845.41,69.5
11/4/11,2798.286,2032.72,4567.91,3277.95,5843.51,1003.37,9126.66,5383.59,7549.21,2010.12,3686.61,3929.97,68.87
11/5/11,2696.79,1858.8,4908.13,2962.77,5770.29,829.84,6728.39,7213.1,6963.22,3156.25,4555.9,3894.77,74.49
11/6/11,3341.634,2060.16,4368.86,2600.01,7648.87,893.63,9116.18,6711.32,6884.6,2728.14,2807.35,3114.3,77.74
11/7/11,3941.316,2157.21,4456.86,3383.61,5804.59,988.74,7929.58,5630.98,7298.87,2761.61,4528.56,3260.13,73.25
11/8/11,3621.102,1699.4,4286.77,2822.64,5436.1,1000.38,7841.27,5573.18,7034.91,2332.21,3976.57,4230.98,76.11
11/9/11,2612.604,1846.6,3620.61,3006.18,6833.51,880.24,6634.48,4679.73,8307.82,2049.77,3255.98,3040.48,70.17
11/10/11,3803.946,2337.87,4970,2853.52,4936.51,890.63,7748.77,6927.63,7482.67,2826.75,3627.95,4496.23,79.65
11/11/11,4180.938,2178.3,3922.34,2930.62,4945.58,1010.61,7639.46,5632.26,8888.43,2812.25,3142.79,3449.31,80.1
11/12/11,3305.562,2144.16,4009.42,3128.68,6578.1,808.79,8583.91,8035.8,6305.78,3159.26,3546.52,4182.6,77.01
11/13/11,2452.494,1228.67,4278.87,3244.86,5665.5,1046.55,6822.34,6632.91,8157.72,2567.56,4239.93,3376.32,68.16
11/14/11,3805.86,2115.76,4314.68,3556.29,6538.97,914.14,8027.16,5643.26,6407.87,2669.53,3948.73,3917.33,81.6
11/15/11,3689.472,2461.71,4664.25,2712.77,6128.5,855.42,8099.18,5387.7,8379.62,3022.46,2921.37,4069.22,78.75
11/16/11,3341.004,2073.09,4572.14,3140.85,7575.21,1012.45,7784.65,4445.23,7921.73,2609.75,3921.08,3725.53,70.64
11/17/11,3210.864,1917.38,4057.31,3483.41,5000.3,739.05,8321.75,7068.34,7419.35,2327.58,3853.93,2840.82,75.55
11/18/11,2835.528,1993.78,4182.36,3010.43,6897.89,959.98,8156.45,6402.54,9211.06,2238.41,3845.37,4434.11,73.95
11/19/11,3378.75,1828.15,4493.02,3667.73,6289.64,907.83,7107.03,6154.83,7609.32,2612.35,3891.18,4094.97,73.39
11/20/11,3156.966,2091.39,3061.52,3476.99,6133.92,956.14,7626.72,6158.05,7946.6,2845.22,3007.28,4084.84,73.58
11/21/11,2633.838,2351.08,4813.34,2471.26,7512.04,1078.08,7200.95,6876.1,8460.59,2457.71,2615.49,3769.03,72.87
11/22/11,2772.66,1890.28,4162.74,3023.71,6006.26,938.34,7808.52,5601.84,7283.47,2693.12,3898.02,2309.42,72.92
11/23/11,2615.982,2061.9,3959.24,2971.89,6033.27,1007.63,6758.07,7036.01,8294.79,2515.28,3672.32,4512.34,72.3
11/24/11,2748.798,2141.15,3606.58,3320.02,5497.28,1079.14,8578.77,5629.64,8625.21,2321.02,3997.04,3463.66,68.57
11/25/11,6129.618,2237.77,4096.36,3370.12,5749.65,603.44,7913.04,6125.01,8875.38,2391.4,3869.87,3091.38,83.55
11/26/11,5403.612,2107.37,3576,2911.18,5313.56,851.66,5919.24,5663.82,7175.55,2750.35,4144.35,4180.39,88.68
11/27/11,5107.41,1763.89,3495.18,3556.77,6209.54,763.36,7312.02,4835.54,5266.59,2611.82,3099.89,3622.06,84.01
11/28/11,6020.496,1880.67,4555.06,2436.5,5724.54,921.05,8139.47,7512.88,7771.68,2665.22,4415.35,3790.83,81.99
11/29/11,5652.054,2155.5,3246.58,2504.05,6435.93,973.82,6731.97,5244.65,7477.88,2391.63,4411.82,4299.03,85.76
11/30/11,7073.604,1714.77,4143.37,3683.95,6083.07,934.23,7752.13,7225.95,5623.18,3002.32,3605.84,3531.08,81.84
12/1/11,3568.476,2016.61,3767.1,3204.99,4312.75,1032.79,8065.45,4991.8,7589.13,2945.21,3746.38,3977.95,76.5
12/2/11,4610.292,1549.32,4467.1,3105.61,5700.66,746.4,7482.62,4183.6,7531.9,2878.18,4331.44,2447.01,77.26
12/3/11,2940.93,2377.08,3469.9,2837.66,7551.39,1156.12,5376.74,5619.55,7679.98,2578.43,4540.57,4171.76,71.61
12/4/11,2255.58,2281.93,2902.21,2558.87,6189.55,929.51,6486.42,5766.65,7046.52,1898.37,3443.84,3410.93,71.81
12/5/11,2120.736,1919.63,4448.04,2862.94,4890.46,862.27,7510.88,6780.52,7965.71,2331.21,4195.19,2908.38,67.47
12/6/11,3484.398,2055.66,4071.4,2660.65,6588.86,841.17,8236.59,6300.31,9221.05,2925.76,2856.78,3892.59,72.08
12/7/11,2394.264,1871.73,4672.54,3918.45,6337.73,946.41,6882.9,6432.65,6907.59,2532.41,4046.57,3516.02,71.76
12/8/11,2277.288,1651.28,3192.49,3123,5597.57,1082.93,7465.1,7106.05,9357.58,2842.22,3558.48,4531.37,63.5
12/9/11,2697.3,2385.35,4939.15,2980.92,5265.58,851.8,6653.89,5466.33,8048.1,2218.07,3754.34,4039.54,71.59
12/10/11,2694.912,1964.44,4900.58,2945.41,6870.33,666.34,6510.79,5082.3,10123.19,2973.01,4161.01,2723.43,68.75
12/11/11,2521.686,1568.62,3280.24,2556.23,6185.63,499.85,7102.42,5837,7368.27,2598.3,3377.61,2938.68,72.17
12/12/11,2892.816,2188.12,3939.13,2918.12,6078.47,757.17,8373.9,6345.88,4539.62,2486.16,4132.14,3199.41,73.71
12/13/11,2598.24,2274.73,3883.44,2829.44,6321.4,832.83,7179.76,6059.98,7574.71,2997.05,3232.23,4400.5,70.35
12/14/11,3124.578,2003.23,3347.59,2587.6,6337.77,768.96,5848.6,5901.33,8326.8,1767.87,3185.01,3910.44,74.33
12/15/11,2952.87,2196.94,5276.8,3144.62,4643.42,876.09,7905.01,6380.13,8111.33,2933.4,3192.31,3341.8,75.31
12/16/11,2976.168,2575.02,4312.7,2389.63,7752.82,738.84,7446.86,5499.8,7592.78,2648.22,2699.49,3543.39,70.91
12/17/11,2840.172,2468.18,3865.04,3767.54,6783.88,1032.24,7131.62,4332.37,6540.64,2528.47,3540.83,3789.82,75.02
12/18/11,2673.294,1834.56,4262.91,2603.27,4998.99,857.3,8475.48,6513.11,7275.24,2518.14,3858,4367.24,66.82
12/19/11,3484.836,2225.9,3858.97,2645.9,5531.42,839.21,5852.48,6254.54,7553.87,2821.62,4025.17,3848.89,71.85
12/20/11,2782.536,2265.57,4417.62,3283.41,6113.5,853.65,6723.92,5858.5,7322.61,3575.47,4607.3,4179.43,74.86
12/21/11,4080.672,1905.86,4315.18,3188.12,5978.64,912.03,8171.22,6029.66,9745.98,2912.77,3077.81,3726.25,79.88
12/22/11,3255.966,2239.99,4662.66,3127.16,7237.04,1049.66,7997.51,5376.57,5433.95,2380.25,3701.68,3357.33,70.76
12/23/11,3651.372,1893.66,4904.5,3536.14,7312.14,970.15,7989.4,6462.1,7024.4,2759.3,4534.6,3387.89,76.28
12/24/11,3765,2336.13,4200.61,3109.94,6626.81,926.51,5949.19,7125.92,8988.42,2819.49,3642.97,3671.99,75.52
12/25/11,2781.486,2036.64,5208.13,3132.21,5893.95,991.96,7389.79,6708.37,7240.56,2498.34,3307.4,3244.93,67.12
12/26/11,3368.652,1500.3,3911.6,2261.19,5705.57,844.24,7429.25,7473.33,8900.51,2197.61,2746.08,3195.58,79.1
12/27/11,2669.97,1989.72,3812.99,3608.45,5317.88,986.38,8521.4,5284.24,6950.77,2545.93,3847.69,2740.26,69.34
12/28/11,2381.088,2305.62,4013.45,3011.36,7057.39,859.79,8246.04,6098.36,7702.5,2513.8,3098.39,3436.27,71.54
12/29/11,2153.568,2128.83,3409.57,2559.6,7011.36,816.28,6140.94,5943.22,9489.6,2240.89,3367.09,3560.67,64.29
12/30/11,2496.786,1939.39,3929.23,3866.44,4947.39,729.88,7947.89,5049.91,9023.09,2583.01,4146.48,2761.85,66.08
12/31/11,2895.294,1794.93,4352.18,2436.92,6554.1,720.36,6229.43,4118.66,7636.31,3264.72,3542.23,3158.77,70.73
1/1/12,3122.634,1848.15,3728.46,2918.12,5333.07,973.5,8814.97,4088.79,6779.03,2951.93,3533.15,4192.18,75.18
1/2/12,2571.306,1655.31,4085.88,2582.28,5685.76,1045.61,7134.57,5975.15,6580.94,2821.41,3906.52,2932.62,70.23
1/3/12,2454.666,1739.67,4479.33,2685.65,6564.6,877.93,6310.59,5609.55,7438.42,2388.63,2961.13,3768.72,71.18
1/4/12,2149.812,2066.52,4721.87,3593.51,6213.8,839.89,8075.75,5846.39,9086.38,2433.85,3737.72,3644.19,71.43
1/5/12,3462.9,1994.5,4040.24,3395.19,7097.23,818.29,7298.8,6796.4,8026.92,2735.63,3274.56,3761.72,74.25
1/6/12,3004.122,2059.71,3709.68,3400.89,4913.29,826.72,8965.95,6300.82,5905.61,2415.67,2850.18,3030.2,68.67
1/7/12,2559.558,1818.24,4244.12,3348.58,5422.98,812.67,8740.44,3968.95,8146.74,2902.48,3992.17,3867.6,73.03
1/8/12,2191.68,2106.71,4690.57,2468.14,7224.41,721.98,7254.81,5581.62,7969.35,2749.42,4195.56,3794.91,69.33
1/9/12,2446.488,1614.44,3891.83,2764.88,5747.29,715.46,8953.6,6993.1,8125.77,2553.16,2942.97,3532.15,65.41
1/10/12,2847.222,1594.76,4341.84,2668.5,6436.58,957.29,6731.42,6620.5,4575.28,2648.19,2413.45,3790.2,73.17
1/11/12,3278.16,1858.58,4606.23,2461.95,6340.11,883.15,7414.17,6611.12,6503.64,2545.32,2990.26,2852.43,75.02
1/12/12,1966.962,1820.36,4216.94,3795.99,4665.36,801.02,8084.19,6682.21,7879.16,2740.62,4017.2,4194.09,67.52
1/13/12,3396.42,2214.67,4345.44,2212.71,7148.24,938.7,6564.3,5882.11,6881.76,2739.13,4132.94,2530.54,75.14
1/14/12,3813.762,2212.77,3636.88,3096.31,5969.97,1039.79,6272.03,5976.63,7509.17,2502.79,4648.73,3304.44,79.91
1/15/12,3232.338,1307.18,5072.25,2989.58,6968.58,1026.68,8712.3,7594.84,8964.44,3071.96,3243.19,3400.62,76.91
1/16/12,2834.946,2201.34,4172.04,2754.45,6327.62,803.03,6625.1,5108.59,6611.1,2609.16,3750,3058.82,70.76
1/17/12,2330.442,1875.73,3850.94,3205.1,7038.59,824.16,8524.14,5236.16,8438.47,2457.43,3525.72,3486.8,67.06
1/18/12,3600.798,2466.54,5357.57,2058.19,7068.28,718.86,7849.96,4690.54,7836.65,2556.17,3815.55,3011.72,80.83
1/19/12,2734.74,1946.99,4101.43,3434.15,6573.95,787.52,8573.47,6721.15,8834.82,2653.06,4200.54,2767.56,68.28
1/20/12,2766.048,1827.18,4405.08,3488.81,7315.73,871.69,6976.49,4296.88,8330.52,2838.27,2937.47,3221.03,66.89
1/21/12,3087.102,2487.03,4127.58,3134.2,7479.67,831.12,7372.95,4876.33,7399.44,3013.73,3278.54,3086.72,77.74
1/22/12,2502.42,1974.14,3682.69,3741.24,5322.48,932.89,8601.48,6154.01,8427.08,3027.19,4068.7,3153.79,68.48
1/23/12,3172.26,1864.73,4942.81,2624.96,5598.98,640.03,7231.93,6311.32,6403.8,2220.39,3594.89,3268.15,74.25
1/24/12,2571.666,1768.84,4510.74,3433.16,5176.57,890.48,5852.82,5884.83,7334.16,2417.95,4207.99,3337.17,67.37
1/25/12,2205.018,1274.43,3682.52,2752.82,5990.77,848.38,9442.21,6558.88,6813.14,2662.98,3612.12,4359.01,62.82
1/26/12,2866.326,2057.98,4707.23,3037.64,4987.52,850.56,8420.85,4428.97,5834.44,2920.45,3598.3,3616.95,68.98
1/27/12,2624.004,2265.38,3780.78,3020.27,4602.52,774.67,6345.28,5965.44,6243.72,3137.89,4325.68,4215.64,67.75
1/28/12,2814.888,1706.18,4660.52,2714.93,6633.53,776.66,7100.16,6222.15,7797.49,2495.07,3884.11,3724,75.02
1/29/12,3183.336,1826.93,4673.04,2862.12,7496.19,783.44,8893.09,5652.71,6676.91,3306.65,3394.71,3735.34,73.85
1/30/12,2251.518,1975.23,3001.44,3913.65,6329.55,958.33,6057.62,6655.68,6957.33,3231.91,2701.97,4253.26,70.56
1/31/12,3003.618,2193.1,4215.89,2705.03,4740.15,882.03,7198.26,6463.11,7866.42,2226.95,4044.57,3168.68,77.03
2/1/12,1815.012,2444.24,4147.14,2700.19,5420.52,1082.22,6556.15,4214.9,5730.49,3069.57,3819.01,4162.25,63.7
2/2/12,2964.846,2022.54,4114.82,3169.03,6675.87,1007.86,7353.71,5501.49,6517.55,2964.67,3849.51,4112.45,71.9
2/3/12,2875.596,2020.1,4106.82,2839.31,6732.71,823.33,7814.55,6097.05,7688.58,2762.69,4002.31,2551.25,72.76
2/4/12,2283.618,1629.52,2642.17,2647.33,7505.98,869.76,8034.73,5243.29,7836.44,2137.97,3868.92,4229.19,66
2/5/12,3194.592,1899.3,3599.53,2319.76,7127.26,938.52,6945.87,5656.44,7606.71,2703.84,2907,2826.25,76.35
2/6/12,2704.836,2036.64,4135.39,3095.41,4993.57,920.77,8018.62,7106.92,6639.99,2989.54,3242.03,4777.69,74.27
2/7/12,2841.726,2013.92,4035.09,3052.98,7663.23,953.82,8652.69,5723.58,7053.54,2824.91,4234.72,3404.42,72.52
2/8/12,2761.524,2119.82,4874.08,3160.15,4721.99,742.13,9275.19,5574.43,8080.28,2310.45,2648.47,3968.67,73.87
2/9/12,2915.16,1303.05,4446.42,3268.43,7016.29,1179.72,7711.29,6266.81,8654.34,2307.25,2998.11,3984.63,76.87
2/10/12,2862.768,2206.23,4739.15,2563.78,5439.16,630.4,6949.38,4136.19,6869.11,2293.71,3907.05,3845.43,74.43
2/11/12,2667.612,2405.93,3969.41,3187.66,4808.37,957.53,7587.01,4721.73,6099.9,2975.93,3477.44,4550.89,69.23
2/12/12,3179.982,2016.21,5300.1,2771.18,6218.13,1016.71,6710.09,5519.75,7184.94,2409.31,3748.38,4209.29,74.35
2/13/12,2214.024,1759.35,4399.77,3191.29,4961.33,842.57,5975.25,6063.53,7315.27,2433.58,4607.39,3129.23,70.33
2/14/12,2889.162,1442,3941.74,2372.51,5211.21,937.72,6854.64,5961.97,8409.37,2949.3,3599.07,4041.64,73.18
2/15/12,3055.368,1985.46,3822.77,2392.35,5844.93,909.97,7600.87,5508.58,6006.36,2721.24,4178.12,3471.11,71.84
2/16/12,2822.874,1284.11,4475.33,3321.81,4503.62,932.55,9274.97,7818.9,7813.55,3202.58,4155.75,4130.39,70.31
2/17/12,3094.638,1763.97,4399.7,3040.25,7393.51,809.6,6505.81,4408.92,7108.49,2172.8,3349.76,3091.86,70.71
2/18/12,2961.99,1975.25,4738.33,2613.78,7222.56,910.57,8509.59,5652.04,6778.89,2361.5,2795.89,3188.58,71.21
2/19/12,2263.668,2048.98,3751.5,3193.24,6566.63,990.87,8348.61,5252.33,5879.58,2268.42,3130.14,3305.6,71.83
2/20/12,3191.622,1546.81,5222.39,3053.84,6258.74,973.6,7163.32,3866.59,6157.39,2787.46,3662.23,2822.63,77.63
2/21/12,2176.452,2189.89,4212.23,2766.58,5135.61,883.37,7318.28,6047.06,6894.29,3058.24,4143.76,3256.21,70.24
2/22/12,3399.57,1748.13,4119.42,1974.89,7651.76,806.5,7930.29,5787.79,6418.98,2204.78,3881.03,3762.77,75.25
2/23/12,2498.694,2164.56,3676.12,3311.24,5964.33,902.26,9092.18,5721.29,8572.35,2974.22,3640.86,3847.43,68.68
2/24/12,2146.752,1265.35,4119.97,3471.39,5471.62,897.38,6755.11,5032.92,8663.07,3293.34,3105.82,3686.1,64.39
2/25/12,3512.946,1974.88,4288.21,3210.68,7117.78,1020.5,6242.34,4956.56,6027.3,2291.66,3920.58,3142.49,80.17
2/26/12,2446.734,2201.2,3376.68,3455.45,5446.23,1053.17,7096.54,5785.13,6558.53,2697.73,3618.94,3398.99,65.32
2/27/12,2406.954,2197.45,4088.29,3611.43,6820.03,1071.3,6269.69,5847.29,7443.14,2407.14,3361.31,4317.82,66.34
2/28/12,3069.954,2060.46,4047,3462.47,6084.43,737.75,9858.56,6996.35,7606.15,2017.32,4226.61,2519.35,72.33
2/29/12,2573.22,2260.63,4184.86,2634.4,5413.62,781.57,7313.11,4628.56,9377.67,2580.67,3301.26,3306.12,74.43
3/1/12,2920.734,1990.66,2900.11,3511,5399.83,973.42,9249.03,6952.34,6918.89,2481.69,3602.56,3399.03,68.15
3/2/12,2692.728,1817.27,3674.72,2928.79,4660.06,917.65,7617.25,5346.9,7342.42,3718.17,3171.47,3147.85,73.24
3/3/12,2998.716,2335.29,4078.14,2926.35,7904.67,1024.02,7963.05,4937.76,8150.3,1104.64,3752.55,3908.47,75.75
3/4/12,2733.546,2007.05,4557.41,3554.55,4915.92,605.64,7819.76,5373.04,7147.14,2467.33,3514.21,3013.23,72.73
3/5/12,2814.972,1850.51,4350.36,2649.02,4891.62,846.31,6413.95,6907.54,8074.64,2482.61,3121.04,4167.76,70.53
3/6/12,3337.668,1842.13,3987.61,2980.33,5080.58,1011.77,6917.38,4393.1,6493.87,2938.72,3599.89,3080.25,70.92
3/7/12,2188.494,2056.04,2769.2,3016.51,5486.98,716.77,7290.14,6080.9,7765.44,2800.05,3078.16,4737.65,70.13
3/8/12,2741.232,1749.29,4000.41,2947.54,6671.55,944.13,5480.15,7781.91,8899.74,2586.35,3840.56,3234.18,70.77
3/9/12,3049.53,1883.63,4568.31,2833.57,5747.4,573.47,6209.5,6600.84,6035.46,2888.75,4633.69,2767.95,68.35
3/10/12,2559.558,1692.74,5038.99,2539.65,6090.36,900.69,8341.08,4661.76,9474.53,2046.46,3158.65,3943.41,68.26
3/11/12,3810.048,1860.86,4256.65,3033.14,6362.07,796.48,6452.38,4729.9,5395.1,2381.2,3759.05,3739.54,74.22
3/12/12,2257.836,2199.5,3554.97,2298.67,5564.83,928.91,8710.19,6897.91,7917.5,2655.53,3735.49,3298.25,63.98
3/13/12,2728.074,1997.43,3632.81,3082.2,6162.93,931.38,5700.99,4729.95,7174.33,1691.65,3681.28,3510.82,74.77
3/14/12,2585.58,1871.58,4391.61,4021.85,5430.19,706.11,7820.87,5338.85,6545.96,3061.09,4060.91,3490.78,70.77
3/15/12,3360.018,1498.76,4103.14,2965.7,7279.3,1055.42,6687.65,6478.72,9121.58,2752.71,3115.92,3899.87,72.27
3/16/12,2571.648,2172.13,4110.1,2558.58,6954.98,792.04,5501.81,5577.69,7565.54,2037.22,4124.79,3857.09,72.2
3/17/12,2728.5,1917.73,3129.96,2936.92,5660.64,772.65,8740.55,5683.67,9389.99,2647.31,4844.81,3357.85,75.31
3/18/12,2192.958,2955.27,4345.27,2462.77,4756.86,838.6,5496.22,4858.6,7186.21,2349.76,3147.44,4374.5,64.32
3/19/12,2875.194,1968.9,4104.69,2949.59,6359.5,952.17,9061.44,4569.53,5697.33,2112.45,3565.97,3281.04,71.74
3/20/12,2569.95,1886.74,3793.71,3146.13,5199.83,675.83,8624.14,5723.91,9276.36,3036.48,2516.54,3251.64,65.56
3/21/12,3131.322,2610.87,3292.19,2755.22,6160.91,938.8,7684.03,6873.74,5862.11,2160.65,4913.67,4029.42,72.8
3/22/12,2940.036,1863.47,4178.72,2639.72,6306.2,775.29,6841.66,5626.19,7852.21,3206.96,3740.29,4355.03,75.28
3/23/12,2861.274,2368.9,4918.7,2022.73,6112.5,872.93,6694.34,4635.39,8489.29,2203.37,4285.62,3771.09,75.09
3/24/12,2986.866,1919.76,4374.27,2809.15,4011.21,799.53,6947.07,5153.61,7860.25,2725.31,4371.54,3281.11,68.59
3/25/12,3063.252,2097.76,4329.55,2248.37,7246.73,934.74,8551.42,6000.45,7748.19,2687.44,3007.79,3262.3,70.3
3/26/12,4102.11,2230.33,4727.33,3116.4,5171.58,952.76,7382.78,5902.69,6494.68,2697.64,3530.11,4600.23,74.18
3/27/12,2314.554,2143.74,3890.05,3550.95,5874.44,859.34,7932.44,6700,8065.8,2683.77,2922.44,4253.71,68.23
3/28/12,3004.338,1621.83,4100.68,2832.86,7000.19,1018.32,6441.08,7324.36,7077.92,2469.17,4240.92,3095.96,75.06
3/29/12,2803.752,2202.6,4300.88,3519.1,7028.09,944.53,6730.98,6929.86,6653.47,2489.04,3573.94,3911.6,71.76
3/30/12,2780.808,1666.27,4864.18,2652.38,6167.9,1080.64,7220.09,5330.62,8774.76,2844.72,3782.62,3250.71,74.82
3/31/12,3598.752,2195.42,3748.38,2801.91,5583.77,906.77,7489.27,4772.22,7337.45,1966.5,4025.78,3295.5,78.55
4/1/12,2398.272,2063.7,3972.08,2705.21,5693.21,950.51,8274.92,5756.54,8793.41,2924.18,2866.72,3452.66,64.95
4/2/12,3274.866,2197.51,3747.31,3258.98,6174.34,921.78,5397.09,6863.88,7880.03,2517.72,3710.76,2990.13,75.78
4/3/12,3154.35,2191.14,5006.14,3411.34,5574.72,733.44,6017.83,5311.16,6721.58,2869.95,4092.54,3377.21,77.92
4/4/12,2790.396,1394.18,2751.28,3090.5,5953.73,870.86,8117.48,7133.17,8980.67,1969.83,3409.71,3283.67,73.02
4/5/12,2969.616,2117.89,3394.24,3699.42,7179.49,731.7,7212.13,5412.97,6172.76,2521.19,4213.38,2983.79,68.65
4/6/12,2076.642,2035.63,3566.93,2557.68,4601.34,732.7,9299.54,6005.23,6986.43,2389.23,3929.57,3850.75,66.01
4/7/12,2873.742,2189.92,3332.9,2652.11,6849.62,1062.11,6298.67,5423.52,7281.72,2210.94,2188.63,3360.63,74.83
4/8/12,2906.982,1989.23,4796.3,3430.74,6095.85,681.03,9096,5641.09,7467.03,2523.47,3656.77,2636.01,67.88
4/9/12,2468.646,1521.54,4520.15,3272.93,5525.84,1065.85,8901.54,7115.19,7468.39,2635.82,3835.07,3941.83,68.62
4/10/12,3294.06,2268.09,4052.19,3020.9,6443.43,638.96,6958.17,6362.22,5760.53,2247.59,3677.88,4323.9,76.38
4/11/12,2782.398,2186.41,1646.17,3420.62,5636.45,843.62,9453.45,4682.35,6389.39,2809.45,3684.1,3811.5,68.42
4/12/12,2905.638,1944.66,5175.31,2668.28,5694.41,1226.09,8251.79,5402.87,7806.09,1878.7,3641.93,3522.13,67.97
4/13/12,2655.318,2281.9,4489.12,3725.83,4952.86,862.09,7434.11,6053.44,6110.41,2642.07,2922.99,3444.8,67.19
4/14/12,2507.652,1435.1,3831.34,3099.98,6456.38,951.25,8415.54,5678.03,9789.49,3258.61,3854.68,3171.06,73.83
4/15/12,2586.774,1761.36,4535.8,3237.88,6149.58,777.84,7541.56,4796.25,6787.48,2991.62,3729.5,3834.69,72.05
4/16/12,2509.794,2202.12,4318.18,2936.21,5369.51,747.34,9468.85,6162.4,7199.61,2602.66,4278.9,3321.76,70.28
4/17/12,2388.228,1710.79,3718.71,2863.9,6402.05,884.82,8098.11,8415.24,8880.84,2609.55,3003.37,3002.52,70.04
4/18/12,2804.796,2784.74,4574.14,3134.09,5889.9,937.03,5782.35,6612.18,7358.85,2938.39,4119.26,2391.74,72.81
4/19/12,2246.37,1783.8,3056.28,2854.32,6788.74,988.97,8401.51,6758.05,8690.72,3099.53,3563.06,3627.45,67.81
4/20/12,2958.798,2026.58,4809.81,2920.38,6848.66,875.98,6914.05,5758.89,8147.14,2692.18,3195.86,3515.65,71
4/21/12,2711.01,1920.81,3088.95,3770.82,7245.38,844.17,7817.88,4995.14,8990.05,2204.32,3634.71,3312.47,71.83
4/22/12,3212.976,1897.1,3995.44,2113.05,6988.22,1054.16,6728.44,6136.91,7740.45,2571.93,3087.14,3901.19,69.98
4/23/12,3157.482,1850.45,4446.6,2573.16,5105.86,965.49,6471.56,4950.34,6827.56,2993.34,4229.33,2456.75,73.1
4/24/12,2644.914,2113.38,3511.98,2867.71,6474.64,664.55,8802.57,6850.72,8523.74,1777.94,3000.37,3951.82,65.98
4/25/12,2938.992,1756.01,4443.81,2947.52,8057.26,836.05,4721.03,6905.55,5361.32,2457.93,3892.87,2853.89,75.2
4/26/12,2519.604,1672.49,4085.68,3066.5,5729.5,850.24,7789.8,6203.17,6096.01,3124.13,3212.48,5022.07,67.95
4/27/12,3083.766,1755.42,4212.79,2944.11,7745.15,1031.82,7704.09,6433.37,7281.95,2079.03,3247.89,3110.81,77.86
4/28/12,2760.912,2247.51,4000.59,2800.87,6058.33,812.69,7571.8,5242.36,8101.69,2780.5,3319.58,2664.27,67.01
4/29/12,2607.246,1935.06,3135.71,3212.35,6181.17,1001.66,5453.93,7524.02,7363.18,2235.08,2602.59,3775.07,71.01
4/30/12,2150.688,1812.28,4895.65,2961.24,4157.43,936.37,7035.01,4712.21,5553.2,1846.47,3811.65,2815.38,63.52
5/1/12,2556.864,1416.55,3895.37,3313.25,4313.2,887.4,8727.59,6912.97,6734.84,2939.03,3135.42,3998.49,69.3
5/2/12,3292.158,1901.51,4908.19,2875,6458.38,990.85,7886.65,5857.1,7776.75,2690.84,3156.06,3133.92,69.21
5/3/12,2550.978,2428.79,5644.71,2955.05,5405.29,959.08,6496.35,4875.55,8012.34,3057.01,3769.95,2622.65,74.38
5/4/12,2538.576,1674.43,3436.58,2709.2,8200.27,944.22,7916.55,6208.03,8677.9,3154.57,3879.08,3895.93,66.22
5/5/12,2906.052,1964.39,4619.78,3202.21,6229.68,1031.12,7245.09,4433.49,6348.91,2695.04,2989.85,4168.13,67.26
5/6/12,2321.634,2144.23,3605.64,3187.49,4931.28,873.34,7391.92,5950.14,8635.89,2702.87,3593.4,3911.25,69.71
5/7/12,2806.356,1972.42,4381.74,2143.04,5954.87,1100.19,7695.07,5964.41,6812.38,2420.84,3743.24,3563.29,73.76
5/8/12,2743.392,2037.45,4533.19,3158.16,4716.57,774.24,7261.72,5946.24,4982.38,2962.63,4483.54,3525.12,71.76
5/9/12,2833.338,1958.74,2779.66,3300.71,5991.86,879,7331.69,5916.79,6412.03,3192.99,2168.85,3859.34,68.7
5/10/12,3530.928,1682.45,5258.48,3106.21,6894.6,1036.71,6368.72,4886.31,6222.41,2053.86,3790.62,2334.89,80.01
5/11/12,1956.984,2093.14,3270.5,2869.14,6881.81,823.56,8075.84,5672.82,8254.5,2719.71,3703.49,3951.47,62.82
5/12/12,3011.304,1477.61,3263.42,2547.23,7350.48,1070.99,6161.74,4986.64,6605.38,2632.13,2912.22,3464.91,74.45
5/13/12,3096.186,2093,4642.15,2740.73,5813.66,769.09,9458.96,5183.64,6339.77,2712.92,4065.87,2538.2,69.74
5/14/12,3016.332,2425.16,4010.04,3635.62,4289.47,811.54,7866.67,5097.14,9684.62,1800.3,3606.73,4049.46,68.51
5/15/12,2148.744,2252.35,4839.33,3221.15,6975.48,852.89,6656.2,5412.5,6005.93,2829.23,3472.41,3521.95,63.34
5/16/12,2863.764,1777.01,4411.28,3189.46,6722.6,797.62,8013.7,6663.44,7334.16,2935.76,3950.89,2236.21,73.73
5/17/12,2987.262,1511.58,3801.83,3118.52,7570.53,1156.41,8243.57,5568.3,8146.62,2425.41,3497.19,4609.1,76.48
5/18/12,3270.552,1815.69,4959.04,3137.16,7817.88,708.93,9287.32,5265.69,7485.76,2708.49,3689.92,2757.89,70.44
5/19/12,3256.842,2007.59,3955.63,2975.88,6100.15,973.89,7586.09,6447.16,8965.39,2528.78,2928.39,3457.79,70.18
5/20/12,2531.724,2156.97,3738.73,2944.87,7778.41,935.27,7244.58,2563.47,5406.68,2531.78,4044.12,3972.92,66.27
5/21/12,2452.422,2084.33,3287.19,3372.6,5046.82,872.24,8845.21,6429.3,7378.73,2813.1,3300.73,3077.5,72.1
5/22/12,4166.484,1989.98,4159.82,3319.46,5542.19,920.43,6893.09,6232.38,6955.32,2868.75,3957.22,4703.18,77.88
5/23/12,3955.416,2308.55,4210.44,3958.82,7267.64,1049.45,8443.36,4109.89,5824.11,3147.86,4099.71,2848.84,79.92
5/24/12,3987.444,2300.01,2604.69,1953.53,6166.3,964.71,6872.7,6487.51,8607.3,2908.05,4516.41,3862.39,82.35
5/25/12,4766.514,2310.25,4433.22,3211.06,6093.19,854.62,6444.92,4792.51,6012.27,2730.82,3858.3,4370.89,84.01
5/26/12,3526.464,1970.83,4290.82,3492.74,5784.44,413.24,10614.44,6087.73,8117.07,2669.85,3201.47,2981.18,71.35
5/27/12,4199.556,1940.29,4455.02,2863,6320.4,989.84,7195.15,6654.12,8242.18,2401.57,3557.04,4763.2,79.53
5/28/12,5667.546,2450.15,4310.7,2942.88,5785.2,772.81,8426.84,6632.91,6227.58,2939.1,3700.88,2271.55,83.08
5/29/12,2774.208,1548.68,3040.18,2749.62,6738.26,837.29,7070.88,7347.14,7811.8,2803.81,3499.02,3334.42,71.12
5/30/12,3668.616,2248.55,4472.85,2858.99,5603.5,938.41,6983.05,4868.23,6957.56,1918.62,3070.89,3750.3,73.67
5/31/12,3638.43,1817.17,4137.38,3754.44,4976.9,881.08,7190.04,7193.33,8288.27,2690.99,4082.55,3024.35,78.9
6/1/12,2710.572,1845.09,3489.21,2431.54,5097.76,1140.22,5294.77,6894.3,6587.51,2209.59,3103.85,4037.96,68.02
6/2/12,2421.402,2589.97,4767.76,3298.51,7009.12,835.83,8401.91,4995.86,6291.51,2997.28,3352.24,3180.6,64.19
6/3/12,2318.328,1476.58,4229.77,2750.28,6246.05,717.49,7139.02,7370.38,8427.16,2832.87,3106.51,2756.85,71.72
6/4/12,3052.362,1668.51,5363.29,2831.04,6546.39,841.55,6973.28,4957.41,8195.12,1524.81,4400.71,3988.05,77.38
6/5/12,2523.252,2072.27,2839.33,3166.33,4835.48,739.23,9594,6043.81,7856.4,3030.11,3561.09,4115.17,67.41
6/6/12,2706.684,1539.75,3241.44,3508.97,5993.58,950.46,7264.2,4732.31,7473.4,2879.21,3513.32,4588.97,70.84
6/7/12,2961.282,2615.89,4879.4,2993.91,6809.48,927.94,8876.17,4294.62,5642.72,1657.37,4199.41,2661.72,74.48
6/8/12,3160.938,1790.08,4957.09,3625.25,5508.05,746.77,7679.94,7604.95,9516.6,3340.79,2479.62,3484.81,75.38
6/9/12,2618.622,2082.22,4962.17,2939.74,5758.46,1010.99,6860.83,6247.29,6823.89,2201.03,3833.1,3698.91,67.62
6/10/12,2366.31,2131.68,3612.48,3719.67,4163.53,828.59,8544.97,5287.79,6346.19,3027.53,3905.7,3029.19,65.61
6/11/12,3347.196,1862.51,3412.64,2611.42,5427.45,960.45,6632.31,6077.3,7337.98,1975.44,3448.8,3761.31,69.77
6/12/12,2538.972,2179.89,3961.78,3217.87,6609.17,716.77,8328.81,4574.01,7048.51,2353.18,3331.58,3178.68,67.6
6/13/12,2260.398,1825.09,3138.4,3695.74,6206.73,903.71,5655.8,6302.02,8059.1,3343.71,3172.46,3631.95,70.01
6/14/12,2770.878,2233.04,4580.86,2663.42,6774.62,821.76,7107.59,5448.32,7994.85,2585.05,3486.97,3628.09,66.54
6/15/12,2204.52,2276.6,4143.67,3455.77,5307.8,715.89,7514.26,6525.47,8688.96,2875.19,3885.31,4120.95,72.01
6/16/12,3191.622,2133.57,4035.09,2455.04,4644.37,812.91,7038.76,5940.56,7303.82,2719.65,3539.69,4525.48,69.37
6/17/12,2669.508,2402.43,3470.14,3264.59,6044.39,753.05,5948.07,5739.18,5915.14,2115.57,3242.32,2759.93,68.15
6/18/12,2131.416,2000.13,3729.56,3199.47,5783.54,897.98,8198.98,7633.13,8338.25,2515.05,2978.76,4043.07,65.2
6/19/12,2714.892,2053.96,4489.95,3187.99,6039.25,929.02,7734.78,4338.41,5753.12,2771.21,3805.72,3971.07,67.58
6/20/12,2759.694,1999.34,4165.92,3727.65,5695.9,973.87,8881.51,6701.7,6805.97,2802.02,3683.11,2897.21,68.93
6/21/12,2667.216,1672.07,4107.37,2280.73,6240.02,1038.55,4926.89,5858.79,8089.02,2953.88,3295.43,4084.52,66.41
6/22/12,3017.094,2292.67,3001.85,2923.06,5776.31,782.78,6148.93,4207.58,7630.08,2521.41,4954.25,3350.62,74.58
6/23/12,3161.304,1728.74,4288.57,3160.63,6123.93,735.48,6534.56,5798.6,8967.31,2481.6,2979.58,4289.86,70.87
6/24/12,2308.272,2128.88,4968.03,1989.59,5877.42,739.85,6318.53,4670.17,7225.57,2066.67,3829.14,3581.66,64.88
6/25/12,2983.572,2176.28,3381.85,3860.9,5514.91,671.63,9994.88,7141.38,7344.5,2754.49,4367.57,3399.35,72.54
6/26/12,2998.428,1860.39,3940.02,3365.44,6843.74,835.22,7359.48,6039.41,7901.24,2692.07,2593.22,3606.5,67.49
6/27/12,3251.88,2462.92,3462.84,3554.48,6559.2,687.62,5750.71,4495.06,7008.9,2149.07,3686.38,3849.71,75.95
6/28/12,3549.93,1866.37,3514.35,2546.61,7124.65,716.66,7705.22,6797.98,7730.22,3618.69,3677.16,4396.33,75.86
6/29/12,3745.212,2369.09,4802.1,2823.31,5933.98,976.66,6154.04,6901.49,8055.1,2520.96,4398.38,4130.06,80.51
6/30/12,3333.39,1983.07,3239.63,3109.43,5719.61,743.24,8934.14,5451.42,7041.48,2929.65,3656.98,3743.6,79.01
7/1/12,3702.018,2111.29,4911.92,2674.33,6201.9,991.28,7790.53,7220.96,9829.08,2441.93,2571.09,5299.43,81.07
7/2/12,4334.832,2044.9,3987.94,3748.34,5451.72,837.67,5763.36,6119.46,8300.88,2119.71,3998.95,4147.92,83.88
7/3/12,2373.708,1934.89,3759.61,2814.65,6401.98,980.75,7751.74,6347.25,7822.13,2938.9,2761.13,4265.08,65.96
7/4/12,4677.312,1598.55,5355.77,2053.46,6282.9,1153.3,6513.97,4691.66,6290.22,2649.53,3253.4,4057.69,85.89
7/5/12,4210.326,1843.98,3572.17,3173.47,5854.76,925.36,8328.69,4804.02,8219.71,2817.89,3488.52,3985.89,73.29
7/6/12,4377.948,1688.91,3594.56,3293.9,7087.77,1052.44,7866.97,6914.44,8321.95,3057.12,3745.38,4251.52,77.77
7/7/12,3430.818,1842.09,2957.22,3374.46,6962.3,769.72,5497.07,5598.86,6709.9,2994.47,3969.79,3290.75,77.64
7/8/12,2724.516,2120.49,4600.58,3187.4,6010.44,921.14,6891.97,6551.73,7495.32,2550.58,2945.32,3952.64,74.29
7/9/12,3770.82,1730.15,4568.7,2591.32,7350.63,725.22,5498.17,5525.44,7704.06,2016.81,3341.18,3531.58,80.87
7/10/12,3145.662,2070.77,3651.62,3871.77,5077.09,886.35,6802.48,5839.57,8160.2,2910.44,4022.54,3032.79,75.39
7/11/12,3126.78,1613,4553.82,2659.19,6792.73,1039.45,5230.84,6349.14,8994.11,2971.41,3707.65,3029.44,70.56
7/12/12,3061.662,2703.46,4606.92,2191.24,5471.46,744.7,7632.24,4528.68,7000.49,2680.05,4183.25,4284.85,69.63
7/13/12,1988.154,1709.03,3855.16,3374.18,5861.37,677.21,8255.47,7019.17,9560.26,2796.4,3065.17,3811.14,64.14
7/14/12,2968.998,2267.56,4877.97,2346.29,7338.4,854.78,7308.09,6106.93,9679.17,2458.19,3790.05,3813.64,74.2
7/15/12,2176.83,2043.97,3394.48,2781.67,4896.4,889.61,8239.88,6923.25,8319.53,2304.77,3286,3322.29,66.17
7/16/12,3105.756,1341.93,4705.11,2478.12,6233.82,972.04,6658.56,2376.43,8718.14,2439.55,3477.28,4111.78,76.52
7/17/12,2797.368,2341.17,4856.39,2193.66,4836.79,756.98,7638.72,5513.71,5538.64,2449.53,3665.94,2786.12,67.28
7/18/12,2114.838,1390.57,3354.34,2675.7,6468.86,876.34,6979.46,7281.15,9204.69,3434.42,3031.66,3997.39,67.59
7/19/12,2848.416,1695.64,5127.93,2094.87,5332.21,775.13,6460.97,6019.61,7824.13,3132.1,4116.09,3498.54,74.63
7/20/12,2516.214,2194.18,3292.47,3238.47,4272.42,694.32,9152.61,6566.65,7290.57,2705.58,3658.96,3285.01,64.9
7/21/12,2867.418,1962.17,4748.97,2775.08,6219.6,941.57,8167.34,6337.3,7323.5,2651.4,3076.2,4997.33,70.28
7/22/12,2808.414,2599.42,3967.39,2037.51,6402.69,741.36,7028.03,5624.54,5089.39,2629.91,4091.96,3322.11,73.29
7/23/12,2528.634,1959.18,3837.46,3085.95,6912.45,835.39,6595.43,7724.83,7670.18,3419.38,2680.28,3909.39,65.49
7/24/12,3107.412,2262.12,4022.25,2483.96,7870.72,892.15,7537.44,4199.3,7604.86,2613.76,4048.36,2988.38,70.32
7/25/12,3168.186,1921.11,2961.14,2425.35,3862.17,666.55,7130.45,6752.9,6780.81,2746.61,3670.55,3739.98,70.13
7/26/12,2154.102,1535.8,3685.06,3329.73,6766.81,945.07,6410.98,5558.52,9543.97,2069.14,3663.63,3594.26,66.31
7/27/12,3406.482,2246.85,4243.68,2580.39,5636.22,853.69,8175.88,5701.27,6929.05,2440.82,4401.31,3183.36,70.12
7/28/12,2795.856,2180.2,3214.01,3623.46,5154.31,1023.47,6747.83,8142.66,8134.06,3013.99,4095.05,4267.72,72.88
7/29/12,2914.164,2031.5,4769.16,2386.26,7754.6,673.02,7263.74,6462.32,8212.86,2681.16,3782.66,4014.48,70.63
7/30/12,3046.182,1518.78,4198.97,4029.48,5328.23,617.45,6417.7,7789.6,7097.81,2637.66,3963.27,2973.54,72.17
7/31/12,2194.866,2221.2,3685.12,2758.73,6909.64,1175.06,6593.91,6134.33,6886.16,2902.2,2934.4,3853.81,67.55
8/1/12,5038.31,2647.94,5041.82,3150.35,6359.81,1012.65,6338.22,6010.32,5861.78,2603.7,3296.24,3164.6,74.39
8/2/12,3849.41,1591.74,3747.23,3507.25,4438.74,687.24,9193.41,6663.25,10240.14,2818.28,3176.18,4129.11,70.89
8/3/12,4167.34,2096.39,4666.28,2760.93,6641.83,1108.21,7355.89,6689.22,5938.76,2582.63,3396.26,3634.16,68.51
8/4/12,5108.4,2046.41,3355.07,3042.59,4840.54,796.36,8793.8,6910.77,6374.24,2765.2,3294.02,3420.13,75.92
8/5/12,3846.13,1641.94,3876.07,2455.69,5435.78,757.78,7339.57,5461.51,6992.62,2920.27,2717.88,4135.22,69.31
8/6/12,5203.22,1666.02,4127.55,3321.57,5762.82,910.68,9060.66,4070.39,7745.16,2762.92,3234.21,3165.96,73.68
8/7/12,3917.78,1710.93,3731.47,2740.29,4154.81,959.45,7928.31,6604.77,7852.75,2554.63,3032.24,3577.53,70.6
8/8/12,4703.63,1798.99,4630.55,2981.58,5051.32,1036.69,6534.61,4298.01,5151.77,2848.48,2781.58,4556.27,68.62
8/9/12,5331.72,2038.7,5246.13,3600.4,5130.8,664.66,8607.89,6478.62,5939.75,2955.46,3811.85,3396.36,73.95
8/10/12,4542.1,1877.6,4025.8,3156.26,5629.5,903.9,9007.48,7199.07,7246.89,3143.51,3528.88,3556.6,69.04
8/11/12,5752.65,2146.88,4582.5,3154.2,6352.41,907.31,6207.24,6140.04,7018.6,3354.91,3393.95,2924.96,78.46
8/12/12,4363.14,1798.44,3925.45,3064.42,5779.91,819.89,8917.89,5514.2,7021.9,2622.16,3502.95,3573.54,67.2
8/13/12,4276.75,2213.75,4020.44,3139.16,6819.62,874.14,7711.68,3472.41,6343.88,2955.04,3251.5,3556.6,74.31
8/14/12,4562.63,2024.91,3067.87,3260.57,5780.17,858.42,8258.06,7787.06,7820.84,2601.9,4541.73,2229.72,67.99
8/15/12,3333.9,1790.48,4750.21,2684.2,5881.51,1008.13,5020.74,5047.19,9743.91,2723.54,3118.59,3517.9,64.57
8/16/12,5328.17,2184.24,4645.52,3376.45,7480.43,865.28,8106.07,4866.24,4880.9,3020.57,3979.29,2566.78,78.14
8/17/12,3806.43,2083.19,3641.38,3148.82,5142.76,883.02,8795.28,7433,9242.22,3191.26,3335.33,3491.24,69.41
8/18/12,5438,2006.75,4740.41,3021.37,7408.07,1057.41,7264.75,6225.74,7001.97,2552.21,3230.36,4267.16,76.98
8/19/12,4550.47,2024.79,4240.29,3223.25,5434.62,733.74,7512.39,6163.94,6062.32,2971.07,3213.46,2456.4,74.12
8/20/12,3230.57,2031.54,3738.84,2524.26,5293.28,1177.63,7475.12,5234.31,7645.94,3010.11,3318.39,4071.58,67.17
8/21/12,5882.04,2276.61,5317.43,3411.37,6131.28,983.96,6578.23,3245.51,5637.35,2989.54,3999.87,3481.81,74.22
8/22/12,4342.82,1895.11,2807.35,2639.08,4602.48,833.93,8347.01,6769.78,7066.92,2824.61,3001.06,3380.67,68.09
8/23/12,3623.61,2147.91,4402.09,3905,7174.55,953.48,5846.25,5317.03,7485.54,2367.36,2991.07,3835.12,62.51
8/24/12,4777.67,2252.37,3525.57,3744.49,5225.53,704.08,9127.97,5137.41,5487.55,2804.25,4348.02,4149.37,73.37
8/25/12,4927.03,2203.26,3897.61,2504.42,5919.41,784.76,7092.3,6358.9,7564.55,2513.15,2988.98,4388.57,76.88
8/26/12,5634.39,2214.48,4644.65,3606.47,6405.97,922.81,6950.73,5079.19,7224.71,2599.43,3917.71,3138.54,74.75
8/27/12,3791.77,1462.94,3881.72,2796.6,4935.35,777.76,7784.86,7368.47,7700.81,3174.41,3810.19,3075.62,68.86
8/28/12,5094.96,1730.19,4141.09,2186.6,6762.96,829.27,7227.35,5275.45,8294.09,2770.82,3158.09,4177.86,70.43
8/29/12,4941.28,1743.96,3356.36,3655.06,4881.06,748.64,9540.04,4743.53,5522.63,3167.98,4232.96,2816.48,67.54
8/30/12,5645.29,1969.27,3859.13,2511.76,4814.46,856,5480.76,6381.95,8626.15,2116.92,3766.41,3826.63,73.08
8/31/12,6939.93,1513.71,4069.46,2544.79,7847.6,1080.78,6659.31,5227.01,7010.34,2496.66,3319.47,2104.13,74.48
9/1/12,7394.4,1416.95,4900.52,2890.56,4203.97,936.17,9686.82,6293.28,7102.4,3324.81,3577.4,3801.34,80.52
9/2/12,8321.84,1919.63,4476.34,2509.04,7044.92,1123.02,4860.73,4954.82,7630.72,1986.09,3182.9,4025.38,77.16
9/3/12,9568.46,2103.62,2893.94,3227.01,6269.21,911.8,8465.26,5345.96,6129.62,2646.73,3102.8,3206.29,84.84
9/4/12,5886.53,2008.93,4429.13,2477.37,6903.28,769.57,5200.92,8144.24,7170.42,2846.8,3611.83,3295.9,71.76
9/5/12,6740.22,1850.04,3870.71,2981.14,5560.78,1092.78,6139.09,4862.2,6796.49,2126.28,4278.42,2977.3,76.11
9/6/12,5267.59,1666.82,4090.38,3255.37,5237.98,655.47,6697.28,6930.28,8073.87,2751.1,4077.52,3756.58,78.31
9/7/12,3972.52,2361.8,3298.09,3137.8,5594.92,1159.92,6558.6,5354.79,7187.25,2017,3637.69,3234.84,69.65
9/8/12,3028.65,2073.9,4231.52,3114.92,5554.57,1023.35,6732.22,6624.89,5845.7,3107.94,2883.92,3434.09,61.94
9/9/12,3566.88,2313.02,3539.51,3190.18,7166.44,781.89,5442.16,8047.94,9015.04,2264.97,2990.31,4086.93,66.24
9/10/12,5432.34,2351.99,4447.02,3745.23,5964.88,1045.1,7162.38,5666.91,8282.38,1981.7,4446.44,3417.59,72.34
9/11/12,4635.73,1558.77,3675.93,3423.59,6328.07,818.64,9880.97,6674.07,7529.09,2600.98,3224.69,3226.24,71.06
9/12/12,5273.42,1981.93,4633.68,3267.57,5857.45,926.3,4655.46,4683.61,8184.14,2455.65,4188.9,3685.1,76.08
9/13/12,4500.52,2278.2,3407.09,3668.95,6307.03,1027.86,7157.34,5576.59,7214.61,2147.07,3944.84,3933.52,71.97
9/14/12,3880.03,1651.75,3987.12,2551.24,4437.36,907.93,8613.79,6857.39,8412.51,3080.57,2750.55,4528.76,68.18
9/15/12,5235.72,2196.08,4514.14,2938.16,6089.07,782.56,7106.42,5718.49,6693.96,2083.92,3800.26,3023.97,72.79
9/16/12,4171.93,1829.67,3870.57,2658.86,7246.37,719.33,5259.63,5391.57,9224.87,2701.45,3300.92,3492.48,66.64
9/17/12,3946.31,1960.38,4204.99,2672.88,6145.24,840.66,5991.39,5006.53,7093.96,2404.19,3240.64,4153.99,72.66
9/18/12,4612.54,1905.07,3384.59,3613.17,4361.49,972.1,9711.69,4907.29,6680.47,2765.66,4043.18,3269.31,75.23
9/19/12,4430.09,1691.56,3312.56,3024.57,6279,886.54,8428.91,6706.38,10383.24,2921.12,3555.37,3658.56,73.28
9/20/12,5279.27,2209.15,4526.06,3157.68,6323.13,850.82,7151.69,5005.39,7622.14,2202.24,3643.69,3200.06,71.98
9/21/12,4312.89,2038.1,3928.28,3561.98,6443.36,933.71,8905.07,6562.25,6986.1,3407.58,3209.54,3636.4,65.98
9/22/12,4802.61,1900.64,4485.94,2231.79,7500.77,1165.33,6805.72,6380.39,6617.01,2665.24,2652.91,4022,69.43
9/23/12,4017.12,2368.35,4186.58,2905.19,5833.85,969.26,8651.57,5273.49,6237.93,2785.71,3948.11,3212.86,68.64
9/24/12,5032.91,1806.07,4031.91,2706.7,6143.11,846.62,6445.7,7127.16,8253.35,3214.17,3141.04,3306.4,77.59
9/25/12,5300.31,2269.71,4374.36,2910.41,5873.55,873.92,7304.34,6954.2,7833.78,2966.33,3526.84,2398.14,69.74
9/26/12,4463.3,2545.35,3222.09,2964.62,5302.07,830.25,8849.25,6745.34,6188.41,2957.66,3055.05,3491.06,67.94
9/27/12,5157.41,2031.7,5157.31,2630.85,6425.19,961.97,7022.84,6376,7505.35,2080.94,2969.65,3510.19,76.45
9/28/12,5857.59,1906.69,4501.32,3856.67,7853.84,628.22,9065.9,6273.91,7761.75,2325.32,4272.8,3011.97,70.28
9/29/12,3659.72,2168.13,3813.82,2709.41,5542.98,794.84,8100.54,6717.6,7469.04,2523.67,3650.63,3647.76,66.58
9/30/12,5942.23,2294.88,3384.1,2341.49,6513.42,682.1,5139.46,4556.08,7084.17,1744.83,3460.61,2852.27,79.47
10/1/12,4486.54,1804.54,3033.38,3677.51,5103.85,1132.46,7438.06,7094.08,7376.57,2899.83,3170.63,3543.04,74.94
10/2/12,5519.57,2141.22,5170.87,2562.8,7319.79,1058.13,7196.78,6504.85,9380.62,2855.93,4316.32,4180.76,71.18
10/3/12,4450.35,1969.13,4092.9,3560.71,5684.53,826.91,9226.68,5027.38,6327.38,2778.94,4387.79,3782.06,66.27
10/4/12,4793.83,1704.1,3326.32,3124.96,5439.96,725.98,8075.26,5920.82,9079.57,2891.41,2936.11,3724.45,73.68
10/5/12,4851.03,2183.34,4148.98,3972.48,6051.54,777.93,5349.58,6132.61,7402.57,2343.7,3547.4,2842.07,72.93
10/6/12,5079.58,1984.06,3917.98,3308.12,3575.37,919.18,6427.42,7218.56,8112.9,3495.11,2893.16,3542.28,77.41
10/7/12,5409.58,2425.63,4799.77,3085.77,7673.78,833.19,7293.35,4783.78,7270,2887.65,3364.85,4046.32,70.3
10/8/12,4785.86,2530.65,3646.03,3313.31,4994.88,728.07,6732.61,5904.69,7485.5,2652.46,4345.53,3887.07,72.41
10/9/12,3652.17,1396.15,3733.59,2611.02,5837.26,964.92,8112.21,6972.4,9279.38,2456.23,3623.07,3493.6,70.02
10/10/12,5063.5,2695.12,4942,3269.74,6240.87,826.12,6400.44,5646.7,7946.03,2345.13,3578.85,3018.51,70.62
10/11/12,3947.86,2074.59,3868.66,2326.98,4965.95,937.7,7290.46,5475.01,7434.91,3031.87,4197.23,3398.33,70.12
10/12/12,4202.53,1586.84,4813.48,2642.04,6487.62,1012.03,4427.76,4721.87,6369.64,2371.65,3175.22,4083.73,70.34
10/13/12,4451.18,2194.83,3705.38,3688.77,5484.7,820.25,7169.19,5325.99,6345.16,2280.96,4407.91,3586.77,72.43
10/14/12,4573.36,1549,2829.13,2837.56,5495.22,1076.96,7164.11,6747.71,7780.81,2796.72,2624.34,3268.41,67.47
10/15/12,6404.7,2536.96,4829.95,3021.32,5890.38,986.73,6401.85,5484.44,6227.43,2277.84,3851.19,3669.03,75.78
10/16/12,4657.92,1804.52,2610.53,3625.55,4000.35,759.95,8366.56,6304.36,8649.94,2688.56,3439.85,3862.22,74.37
10/17/12,5130.71,1470.75,4603.66,3231.95,7971.58,1032.56,8138.24,5838.88,7646.2,2418.3,3009.28,4224.67,69.73
10/18/12,4423.6,2773.89,3528.75,3638.21,4312.7,764.16,7769.78,4889.59,7756.38,2896.75,3938.67,2393.22,72.7
10/19/12,3584.84,1911.86,4297.17,2449.85,5252.03,810.08,8075.96,6075.25,6170.07,2303.56,2571.6,4617.25,67.7
10/20/12,4286.82,2172.66,5690.49,2370.6,7015.26,719.12,6297.6,5985.56,7071.71,2756.08,3879.14,3241.84,74.29
10/21/12,4710,1586.71,3299.84,3450.99,6056.85,758.85,9569.97,5970.81,8010.23,2516.39,3895.04,4110.89,73.52
10/22/12,4228.94,1375.87,4793.12,2477.84,6065.8,948.61,8364.28,6161.58,7677.98,2298.25,3101.44,4252.69,72.8
10/23/12,4740.85,2076.79,3665.42,2316.69,7305.59,670.57,10212.85,6659.8,6388.58,2327.2,4344.1,3251.52,76.34
10/24/12,4696.4,2183.72,3680.79,2408.46,5254.9,984.91,8378.49,7312.92,8451.55,2777.59,2662.98,4151.88,70.66
10/25/12,5026.89,2387.79,5448.56,2835.81,6065.83,814.73,6841.42,4128.74,5147.15,2575.42,3483.07,3380.47,73.59
10/26/12,1949.65,1998.32,3367.53,3446.22,5217.62,775.68,8272.42,6835.52,5291.02,2459.82,3332.15,3234.63,55.92
10/27/12,4735.78,1824.1,4382.79,2466.83,6723.35,882.74,7119.05,4640.21,7251.57,2015.64,3265.62,3802.03,74.07
10/28/12,4614.26,2600.73,4265.68,3543.84,4401.45,632.98,8245.39,5920.89,6793.04,2526.89,3560.51,3944.68,67.51
10/29/12,4599.8,1687,2761.54,3000.91,5421.81,841.84,7084.28,5712.14,5855.94,2874.8,3551.78,3901.92,69.21
10/30/12,5825.26,2269.91,5087.46,2213.89,7422.63,951.05,7017.94,5429.55,7163.75,2223.22,3468.04,2648.96,75.38
10/31/12,4604.01,1740.01,3898.56,2958.09,5776.92,853.43,8545.17,7166.56,7644.92,2836.72,3789.91,3177.91,67.25
11/1/12,4023.06,2139.61,4136.91,2268.55,7082.31,1107.31,7394.54,4934.3,8021.84,2589.77,3399.65,3828.52,72.22
11/2/12,4800.54,2064.54,4159.6,3157.66,5472.45,638.65,8002.02,6512.75,7206.16,2712.46,3673.15,2120.11,69.45
11/3/12,4401.85,2283.77,4662.77,2804.73,4901.4,879.12,7414.71,7461.12,8253,2720.31,3019.2,3132.72,69.45
11/4/12,5094.24,1916.23,4800.6,2867.65,5434.09,863.92,6139.85,5162.11,5424.29,1949.43,3452.45,3224.97,70.73
11/5/12,4209.57,1678.23,3655.11,3335.03,5367.35,682.66,8652.11,6726.61,6599.41,3986.75,3021.73,4148.74,72.63
11/6/12,3757.82,1838.4,4305.78,3041.02,6638.51,976.82,7763.46,5097.3,8414.17,1777.64,3744.67,3853.85,67.04
11/7/12,5277.48,2354.25,3834.85,2839.35,5498.12,1067.41,9213.09,6347.11,5789.17,2409.96,4278.38,3130.83,71.79
11/8/12,5341.55,1513.68,3118.08,2880.12,5823.73,919.02,6343.07,7233.74,9260.73,2504.5,4081.56,3391.2,71.15
11/9/12,6882.2,2230.75,5566.38,2813.52,6917.73,980.79,7475.48,5219.45,7655.64,2551.81,3470.59,3380.81,74.52
11/10/12,5869.06,1410.27,3978.88,3307.19,5259.93,721.36,8014.49,7259.94,6797.88,3340.86,3198.35,2939.33,70.6
11/11/12,4876.03,1702.51,4189.53,3026.56,8400.58,1028.62,4774.73,6378.01,6547.06,2368.43,3536.5,4202.15,75.64
11/12/12,7985.3,2667.05,5163.93,3550.11,5606.47,1027.21,6856.78,5581.88,5245.59,2269.1,4090.95,3320.32,81.22
11/13/12,6282.13,1511.29,3181.85,3247.55,5327.65,931.33,6473.89,6852.62,10336.38,3310.5,3796.05,3794.53,72.68
11/14/12,8032.2,1944.9,5435.81,2685.48,7536.79,964.71,5765.62,5312.55,7463.89,2558.24,3376.26,3352.25,78.31
11/15/12,6240.14,1747.26,4161.4,3685.27,5305.95,647.71,6840.98,7527.16,6170.38,2871.55,3766.29,2871.86,75.58
11/16/12,4754.4,1796.08,4628.19,2913.15,6736.67,1050.51,5603.57,5330.94,8609.91,2388.39,3723.71,4239.47,73.01
11/17/12,4978.16,1799.7,4979.61,3251.67,6264.18,1014.75,6807.73,4842.6,3633.18,2640.43,2012.44,3589.88,71.95
11/18/12,4701.77,2124.4,3021.45,3230.21,4010.07,883.58,9092.14,6724.95,8550.1,2920.94,2911.46,3893.07,69.25
11/19/12,4502.37,2062.22,5341.42,2555.41,7350.75,748.33,6847.96,5334.26,6518.85,2340.54,3970.98,3452.59,73.93
11/20/12,4594.55,2084.68,3875.27,2393.9,5423.42,793.33,8900.49,6912.82,6872.24,2963.19,3125.75,3496.36,74.26
11/21/12,3949.3,1604.6,4034.2,2988.1,7101.85,1251.44,7298.16,5436.26,9669.51,2291.27,3416.55,4497.29,68.03
11/22/12,5312.6,2529.93,4278.25,3035.43,5825.27,638.14,8800.6,6925.9,7111.47,1881.11,4030.32,3673.18,73.2
11/23/12,8354.18,2016.83,3834.26,2830.6,5265.5,931.78,4792.75,8016.98,8294.13,3196.36,2955.8,3611.71,82.78
11/24/12,9053.07,2118.3,4383.57,3630.81,8181.91,1034.23,6135.88,5400.68,6179.98,2865.78,4040.44,3725.22,86.98
11/25/12,9402.3,1905.65,3484.78,3517.68,4281.87,1078.53,7425.56,7160.88,6535.91,3274.13,3881.6,2816.72,87.89
11/26/12,8652.18,1849.9,4209.13,2404.38,7535.02,1037.83,4334.64,5276.97,7114.99,2200.03,3941.53,2642.38,82.42
11/27/12,9340.85,1917.09,4363.46,3546.01,4933.49,942.29,8360.92,5735.14,6325.01,2401.41,3622.16,3679.57,81.19
11/28/12,8508.89,1621.13,3602.05,3027.37,5397.48,1091.01,7988.1,5987.92,7922.92,2850.3,3169.38,3181.13,83.56
11/29/12,7846.77,2526.56,4507.23,2736.88,7195.27,904.78,6036.84,5243.69,6982.18,2270.81,3459.16,3114.84,85.83
11/30/12,6603.82,1600.72,4641.44,2198.74,6240.55,835.28,8128.87,6723.88,8793.96,2724.75,3181.94,2967.97,80.87
12/1/12,4298.06,2051.97,5082.82,3172.92,6512.71,854.91,5372.95,6040.77,7581.19,2766.83,2608.54,4735.06,67.95
12/2/12,5752.07,2486.44,4512.16,3398.4,5539.59,865.62,8786.84,4348.22,7226.29,2249.33,3777.51,3582.93,76.5
12/3/12,4601.77,1659.15,4783.86,2980.99,5583.61,807.81,7475.48,6475.86,7361.95,2560.78,3415.48,4022.74,71.7
12/4/12,5153.8,2445.62,4872.8,2810.34,5531.85,631.74,6760.2,4561.81,7869.19,2203.65,3222.35,3642.33,76.24
12/5/12,3190.62,1984.58,4161.82,3464.82,5423.7,925.94,7839.31,5633.94,6051.83,3215.1,3360.4,3535.22,63.9
12/6/12,4106.37,1825.26,5277.07,2329.7,6824.77,1210.59,5204.13,6372.55,8218.25,2575.64,2676.3,3793.72,74
12/7/12,4849.24,2626.99,4049.95,4178.99,5710.47,657.22,6121.54,4101.52,5158.34,3052.01,3956.89,3596.14,75.61
12/8/12,4822.61,1911.76,3818.97,2932.86,6841.47,858.38,7758.51,5908.59,8613.12,2515.88,2775.13,3331.85,72.48
12/9/12,5095.34,2286.81,4864.94,3190.06,7013.83,1090.19,5565.1,6754.9,7033.76,2123.07,3491.6,4015.94,76.6
12/10/12,2661.34,2259.23,4011.75,3329.09,4682.15,768.6,8970.49,6826.78,4542.21,3348.28,3610.45,3284.17,65.14
12/11/12,3921.06,2153.82,4575.72,2441,6463.82,822.08,5702.75,6729.78,7864.85,2823.74,2803.65,2656.3,69.77
12/12/12,4853,1920.9,4139.25,3764.05,5257.48,887.1,7385.49,5629.49,7194.68,2674.19,3841.79,3313.19,68.65
12/13/12,3187.98,1543.94,3536.03,3002.84,5063.56,724.23,7933.83,6189.38,7497.28,3320.36,3508.1,4142.65,66.86
12/14/12,4739.07,2525.75,4573.58,3087.67,8162.27,999.02,5905.11,6688.9,5233.97,2172.12,3729.52,4166.43,72.93
12/15/12,4372.05,1890.76,4618.29,3830.07,5567.54,717.95,7805.44,6740.83,7189.43,3457.05,3498.57,3254.97,74.9
12/16/12,4643.32,1659.97,4657.37,2878.53,6237.5,1074.68,6577.47,6369.44,7956.68,2450.05,3706.36,4068.35,75.45
12/17/12,4503.95,2382.59,4416.88,3298.8,6421.1,931.8,8463.68,7059.38,7581.84,2211,4277.4,2982.83,72.74
12/18/12,5562.38,2009,3633.8,3058.17,4864.28,547.21,8881.7,7257.56,7270.58,3238,3396.58,4046.02,78.91
12/19/12,4296.2,2124.88,4259.02,2464.93,4843.61,920.42,8303.94,5847.4,7826.58,2906.07,3454.33,2850.92,71.9
12/20/12,4636.22,1492.96,3930.72,3651.25,5422.13,809.62,9387.76,5696.16,5936.29,2642.6,4050.13,2516.63,68.58
12/21/12,5025.83,2157.29,5076.24,2770.41,7418.13,939.62,7251.22,5334.5,8698.51,2631.49,3256.36,4058.01,68.1
12/22/12,6518.83,2330,4605.47,3291.21,6197.42,944.54,9079.71,5116.55,6620.35,2133.7,4101.34,3506.54,73.77
12/23/12,6461.78,1810.22,4893,3202.13,6371.55,882.66,8164.35,5977.62,8750.35,3080.93,2483.03,3744.61,74.39
12/24/12,4808.01,1966.38,4671.26,2390.82,6028.56,797.36,6878.82,4760.75,6067.95,2141.14,4050.83,2987.32,68.41
12/25/12,4606.45,1535.71,3533.7,4024.08,5013.62,986.43,7796.48,6913.06,7335.67,2897.99,3460.13,2763.61,71.51
12/26/12,4346.23,1755.05,3788.2,2242.7,5159.73,1141.5,7477.22,5971.94,7120.94,2581.97,2925.52,3755.27,71.47
12/27/12,5576.58,1852.03,4583.67,2624.26,5292.04,885.69,7896.22,4207.94,6246.01,2122.76,4224.71,4003.55,76.7
12/28/12,3354.12,1844.98,4393.29,2915.65,5313.52,1142.59,8510.76,5174.77,7244.78,3283.68,3313.65,4225.4,65.04
12/29/12,4410.68,2153.98,3814.09,2748.17,6413.13,635.59,6949.19,4772.92,5992.52,2309.75,3720.12,3278.77,69.75
12/30/12,4614.03,1717.7,3780.13,2655.61,4257.04,669.28,9083.35,5962.61,5549.33,2435.16,4284.82,3655.17,67.69
12/31/12,4381.24,1900.21,3453.06,3007.67,6180.01,893.2,7033.07,4428.59,6905.14,2845.36,3505.39,3730.47,67.05
1/1/13,5201.79,2035.45,4276.37,3891.8,5007.25,833.12,7673.72,4711.18,6837.52,1848.53,3975.17,3341.14,74.2
1/2/13,4439.79,1882.69,2904.47,2774.92,5106.89,861.31,8862.83,5982.98,7573.07,3343.41,3706.27,4046.63,68.78
1/3/13,4917.59,2205.98,4071.71,1929.47,6342.97,998.9,7064.12,4736.01,5832.38,2766.75,3528.42,3316.33,74.8
1/4/13,3941.42,1958.37,3339.06,3925.14,4968.51,952.17,7917.39,7415.84,5978.98,2837.84,4577.55,3433.96,68.53
1/5/13,3473.18,2098.14,3896.21,2712.59,7317.25,923.91,6718.8,6985.13,8519.04,2400.73,3072.68,3994.4,62.88
1/6/13,4936.47,2549.35,3990.44,4150.24,5415.19,902.58,6076.4,5355.97,7860.17,2251.82,4847.09,2504.94,70.66
1/7/13,3344.15,1854.27,3528.19,3540.4,5048.38,781.33,7794.04,7672.38,8105.71,3441.35,3916.45,3682.9,63.78
1/8/13,6299.69,2315.3,2397.04,2454.42,6308.14,1206.68,7980.48,5589.1,7743.82,2861.7,3802.71,3948.14,76.6
1/9/13,3667.17,1632.65,3362.33,4649.29,4996.8,642.18,8862.53,5976.39,7935.29,2688.96,4860.2,3758.47,65.87
1/10/13,4068.65,1983.43,5031.43,2731.9,6754.52,1200.92,8272.05,4772.13,8513.23,2140.05,3068.08,3639.16,72.97
1/11/13,4281.25,2456.84,3584.24,2974.63,5653.57,830.01,6554.83,6349.9,6245.54,2157.32,4138.49,4377.86,73.07
1/12/13,4898.92,1763.08,3757.15,2739.81,5609.82,734.33,9470.08,6441.37,7670.09,2958.21,4020.91,3402.72,69.17
1/13/13,5048.56,1968.61,5126.75,3141.72,6006.4,657.46,6000.31,4773.41,6806.45,2739.75,2654.23,3091.11,70.48
1/14/13,3969.4,1930.32,3971.58,3583.61,5835.58,857.04,7400.45,6958.2,6257.78,2595.12,3172.41,3408.72,71.26
1/15/13,5035.67,1993.18,4470.76,2642.25,6970.37,1115.08,8148.29,4755.26,7652.2,2473.55,3246.81,3991.25,73.14
1/16/13,5253.68,2435.46,4341.6,3151.09,5224.82,828.45,8861.4,6342.56,7300.39,2202.11,3466.94,3769.13,70.04
1/17/13,4096.38,1959.26,3395.93,2875.85,5813.06,779.58,7561.07,6894.21,8283.56,3650.89,3715.57,3777.72,71.22
1/18/13,5519.48,2287.15,4860.2,2967.58,5623.6,952.32,5706.85,5444.33,5213.03,2735.63,2381.21,3818.45,74.01
1/19/13,4773.47,2271.57,3951.18,2962.94,6248.74,1020.15,8145.17,5437.39,6601.88,3218.6,3187.38,3343.56,73.84
1/20/13,4580.41,1849.6,3076.3,3293.55,6494.66,821.03,7464.43,5638.36,7330.34,2652.63,3303.3,3937.39,67.5
1/21/13,5511.14,2198.45,4658.82,3204.24,6338.36,847.1,7237.66,6011.93,6886.96,2647.99,3944.38,3182.51,75.52
1/22/13,4391.37,1933.79,3689.39,3297.51,4849.97,772.35,8033.52,5809.4,8580.09,2938.11,3725.14,3710.92,67.6
1/23/13,5342.91,2042,5439.42,2756.23,7925.66,988.91,6583.77,5782.21,5649.58,2292.41,4105.75,2781.86,71.25
1/24/13,4226.82,2198.38,4288.36,3559.35,6254.93,723.93,8306.44,6079.03,7315.58,3199.48,4355.98,3674.78,66.51
1/25/13,2718.66,1642.55,4775.75,2348.55,6851.59,839.54,5978.72,5685.3,8374.8,2317.94,3728.32,4555.88,60.5
1/26/13,5071.49,2176.93,4108.35,3641.31,6954.64,791.25,6914.48,5824.88,7104.28,2682.32,3836.17,3671.44,74.28
1/27/13,5064.74,2185.15,3636.32,3034.84,5690.22,896.36,8472.28,7584.5,9966.85,2668.13,3458.87,3813.87,73.23
1/28/13,4914.37,2215.54,4912.17,3201.87,7009.96,1188.59,7658.55,5343,9195.67,2275.45,3078.28,2627.44,70.55
1/29/13,3890.41,1967.86,4477.95,3077.05,5772,612.98,9676.09,6258.62,8110.13,2177.59,4439.03,3256.89,67.93
1/30/13,4530.09,1665.57,4160.51,2897.02,6676.79,1002.88,7668.8,4707.73,9060.01,2183.94,3915.04,3418.38,70.51
1/31/13,5762.09,2359.5,4835.95,3544.58,5955.45,922.37,5706.5,6042.69,6879.82,2317.43,4117.35,3958.23,78.22
2/1/13,3678.15,1987.86,3378.41,3047.5,5202.89,944.88,7822.41,6487.41,8745.55,3641.39,2959.79,4219.6,70.15
2/2/13,6075.12,1761.14,4275.07,3659.86,7744.98,831.66,6395.27,4885.66,5996.87,2207.82,3460.64,4054.52,74
2/3/13,3661.81,2094.73,4748.45,3605.6,4940.22,1002.48,8350.09,6613.26,5941.56,3260.34,4296.75,3541.19,70.61
2/4/13,3901.58,1720.49,3651.64,2373.15,6656.69,899.65,7298.85,5535.47,8409.87,1857.99,3938.48,4274.52,70.19
2/5/13,5494.14,2137.09,4883.47,3110.25,5830.67,713.94,6576.51,3747.12,6118.82,2195.51,3943.86,3142.96,73.51
2/6/13,4243.25,1933.95,3858.01,2515.31,5686.15,727.29,8877.75,7134.47,8305.35,3244.68,3767.38,3868.47,74.06
2/7/13,6580.8,1895.67,4305.73,3249.35,6880.28,1113.26,7132.84,5884.51,6395.91,2896.75,2272.59,3255.73,78.1
2/8/13,5396.51,1742,3322.23,3142.55,5569.3,750.38,8712.33,5594.79,4762.32,2455.8,3993.17,2538.17,71.34
2/9/13,5102.92,1962.96,4098.9,2279.17,6650.28,781.64,6073.43,6716.69,7383.9,2327.18,3050.85,4299.21,70.39
2/10/13,5098.12,2155.61,4161.53,3024.84,6350.72,860.4,6999.73,6390.9,5331.66,2112.1,4728.49,2326.5,74.05
2/11/13,3860.64,1824.66,4230.99,3154.23,4361.99,495.88,8818.42,6829.59,7196.31,2362.42,3160.12,4114.53,68.86
2/12/13,5295.23,1975.97,4200.76,2359.58,7286.47,925.84,6963.6,5132.07,6189.14,2160.86,3100.63,4194.68,70.48
2/13/13,3230.46,2399.18,4211.67,3297.16,5555.08,729.73,8662.06,5957.69,6387.61,2928.94,3846.89,2647.56,61.19
2/14/13,5318.25,2006.45,3946.8,2470.73,6285.44,871.17,5897.75,4067.28,8915.17,2292.27,3434.68,4339.18,72.03
2/15/13,5798.37,2347.81,5314.96,3216.41,6042.69,872.89,6823.81,7040.14,7833.28,2788.7,4157.84,3768.09,70.75
2/16/13,4125.01,2033.91,4232.1,3209.29,6398.97,662.48,8605.83,5627.99,7431.59,2779.03,3669.66,3487.36,69.57
2/17/13,5326.21,1740.24,4333,3171.21,5800.14,1072.2,7501.44,4616.51,8376.98,2548.59,3055.42,3239.18,71.29
2/18/13,4050.13,2232.01,3829.73,3793.69,5652.72,681.67,10322.29,6155.72,5485.77,2923.57,3471.51,2942.37,70.99
2/19/13,3716.16,1218.97,4257.84,1940.7,6880.76,920.67,3580.05,6185.91,8705.99,2451.55,3114.84,4151.78,70.79
2/20/13,5164.78,2802.66,4334.4,3905.83,5869.23,882.25,8708.08,5524.14,6931.78,2234.64,3982.3,3557.23,74.33
2/21/13,3255.76,1987.62,3893.62,2902.67,4218.14,704.41,7797.56,6256.57,9539.64,3598.66,2495.54,3430.7,69.51
2/22/13,4880.49,2280.92,4062.25,3351.99,7115.63,1010.77,6665.88,5470.38,7961.18,2392.48,3032.59,4521.05,74.57
2/23/13,4109.51,2160.86,3822.69,3769.47,7152.67,819.63,8338.03,6824.18,7508.56,2998.64,4280.91,3272.68,64.41
2/24/13,4080.36,1404.24,4395.47,2689.43,6929.6,1175.95,5357.13,6684.42,9040.72,2334.3,3322.75,4170.48,67.9
2/25/13,6317.25,2373.64,5339.9,3461.96,4001.06,842.82,7581.55,4975.55,8310.17,2778.26,3415.82,3358.45,76.24
2/26/13,4862.67,1864.35,4356.24,2854.4,6459.12,847.14,9515.88,5891.96,8073.95,3147.24,3104.88,4353.39,73.22
2/27/13,5315.7,2150.31,4576.3,2919.34,6324.75,1133.27,5468.31,5532.92,7755.62,2514.27,2993.52,3591.97,70.87
2/28/13,5272.04,2210.13,3229.27,3906.5,5232.56,898.1,9316.13,5912.73,5567.43,3049.04,4012.43,3603.95,68.94
3/1/13,3165.96,1333.29,3455.89,2794.06,6464.03,1242.05,6298.93,7920.87,9069.92,2653.53,2524.17,4526.5,63.38
3/2/13,5487.07,1539.21,4584.59,3107,6283.52,898.87,7689.55,5114.49,8509.56,2573.47,4047.63,2646.22,69.63
3/3/13,5039.04,1837.47,3991.94,2823.58,6138.73,626.44,8428.07,5793.22,7654.67,3292.67,3693.26,3856.97,67.85
3/4/13,5213.17,1761.89,4847.34,2952.96,7871.61,803.69,6063.13,6319,8867.63,2575.71,4460.17,4000.1,72.9
3/5/13,4791.41,1850.9,4006.7,3550.15,4823.71,896.49,8291.86,6496.35,7259.37,3299.37,3256.71,3516.3,71.97
3/6/13,4114.47,1989.33,3823.14,2234.28,5766.88,949.39,6959.66,6506.86,7902.72,2786.19,3127.95,3746.11,68.27
3/7/13,4772.3,2427.83,3777.38,2950.06,7265.44,1017.15,7333.1,5550.5,5694.13,2808.18,3574.8,3112.44,72.47
3/8/13,4834.71,1654.28,4047.51,2560.94,7388.93,833.83,8227.78,6031.93,7512.72,2899.58,3129.75,3118.77,70.13
3/9/13,5408.56,2266.51,4601.22,2018.19,5730.53,1057.97,7153.19,5691.53,6720.32,3016.02,3169.4,4469.94,78.94
3/10/13,3709.08,1810.04,2724.2,3546.53,5393.11,806.6,9288.86,4844.56,8413.9,2741.2,3554.55,3515.91,70.29
3/11/13,4429.48,1664.9,4374.83,3049.64,6664.99,848.3,7894.86,6487.25,7594.07,2899.85,3535.14,3069.35,65.85
3/12/13,5188.13,2239.57,5289.86,2972.18,5997.62,867.47,6774.17,5008.13,6468.15,2251.58,3601.8,3073.89,76.37
3/13/13,4083.68,1290.21,4290.3,2889.86,6550.63,738.99,7110.51,7023.56,9102.64,2897.97,3767.26,3978.52,68.91
3/14/13,5167.3,1594.01,5631.46,2866.7,5576.05,975.57,5600.83,6442.9,7791.56,2582.01,2909.1,4453.52,69.39
3/15/13,3345.37,2320.38,3915.8,3941.17,7332.14,746.62,8025.78,5370.8,5201.27,2949.16,4479.67,2245.11,67.43
3/16/13,3483.6,1818.68,4160.78,2469.69,6418.14,990.45,7981.49,5691.72,9026.77,2456.56,2777.98,3921.28,64.23
3/17/13,5222.02,2116.67,5198.7,2370.46,5980.54,800.16,6879.4,6136.26,7457.26,2353.01,3798.32,3852.23,68.36
3/18/13,3578.31,1849.01,2577.26,3159.1,5850.32,795.84,8489.58,6542.39,7826.29,3188.49,3522.62,4166.05,63.01
3/19/13,5625.46,2140.88,5062.45,2544.89,7023.08,1070.8,7368.1,6226.9,7713.74,2397.89,3265.64,3734.97,72.91
3/20/13,3710.77,2396.52,3827.2,3389.9,4672.8,1030.17,9495.38,5188.44,4454.48,3156.71,3974.49,3270.51,71.22
3/21/13,4026.17,1859.25,4160.88,3223.44,6663.26,1051.49,6366.68,6761.8,6341.46,2565.9,3695.97,3944.16,70.2
3/22/13,6108.54,2163,4321.16,2118.24,6793.63,717.42,7081.17,5935.62,7314.16,2879.24,4970.75,3033.33,74.31
3/23/13,3993.76,1519.29,4080.44,3579.05,6133.49,849.86,8637.3,7843.04,8439.13,2814.94,3660.23,3632.42,70.19
3/24/13,3985.35,1848.89,4579.76,2932.99,7526.25,1050.43,5746.41,5000.37,4823.53,2281.84,2872.15,4158.51,70.6
3/25/13,4942.47,2094.15,3859.58,3558.56,5473.49,1003.26,8174.9,4621.81,6885.02,2987.1,4235.23,3310.1,76.47
3/26/13,4291.43,1749.44,4252.64,2413.83,6566.13,913.09,8021.12,5122.65,8769.23,2724.63,3072.33,3831.54,67.42
3/27/13,4985.56,2389.13,5080.98,2087.76,6302.14,879.16,6250.95,6355.91,7841.75,2629.94,3890.65,3437.61,76.53
3/28/13,3850.67,1578.81,3979.63,3553.02,6780.43,810.27,8588.15,4725.89,7892.37,3403.05,3011.39,3112.49,70.73
3/29/13,4449.61,1598.09,4617.22,2551.86,7672.7,789.17,5075.87,6678.93,7159.29,2545.61,2961.91,5315.97,74.3
3/30/13,4487.6,2259.34,3437.24,3547.07,5946.53,563.55,7655.54,5783.67,7383.01,2573.95,2417.4,2521.4,66.57
3/31/13,4028.01,1501.21,3851.93,2962.31,7182.04,979.15,6981.9,4290.74,8541.98,2788.42,3650,3769.03,64.15
4/1/13,5852.69,1861.95,4806.26,2337.1,4858.21,872.11,5621.37,5782.94,5031.48,2360.01,3699.81,3414.93,73.28
4/2/13,4138.57,1819.32,3594.36,3694.81,4077.69,820.26,9370.31,5416.24,9416.75,2164.98,3534.45,3394.41,71.09
4/3/13,4990.76,1564.55,5306.05,2503.96,7929.79,1013.22,7735,4975.38,8047.9,2547.18,3624.03,3920.63,68.71
4/4/13,4723.53,2500.17,4062.68,3802.46,4287.33,937.29,7950.58,5127.55,6344.29,2038.12,3424.71,3037.26,73.62
4/5/13,3826.37,1865.6,3671.84,2314.07,5872.4,941.66,7486.73,5084.5,7592.57,2630.5,2504.9,3784.26,63.43
4/6/13,5491.86,2425.5,5398.56,2924.14,5443.86,845.25,6474.4,4110.61,7576.47,2198.71,3332.82,3781.31,75.99
4/7/13,4312.86,1553.1,3179.78,2824.22,5976.26,833.16,8044.66,6759.55,7991.91,3201.61,4001.09,3499.29,70.02
4/8/13,5415.71,1743.72,5507.52,2945.78,6048.36,1208.34,6012.38,5980.87,6846.51,2657.77,3218.49,4248.22,69.28
4/9/13,4136.26,2233.99,2566.34,3027.37,5007.34,787.22,8550.79,6485.65,7922.64,2564.42,3489.94,3284.4,66.97
4/10/13,4481.05,1851.99,3544.1,3243.83,5596.09,1121.88,8965.54,7220.29,7608.97,2634.45,2881.83,4586.63,70.96
4/11/13,6104.53,2022.76,4981.8,2383.35,5907.54,867.99,6221.27,6557.27,5036.85,2738.86,4723.58,3097.26,74.16
4/12/13,4368.2,1794.6,3605.27,3143.2,5033.72,1097.97,6989.65,6586.38,7979.19,3388.4,3496.95,2600.27,70.39
4/13/13,5198.41,2051.41,4344.71,2720.07,7171.44,1014.29,6553.91,5863.32,6643.18,1836.82,3804.16,3413.48,74.17
4/14/13,4441.08,2653.64,3820.75,3384.14,4235.62,587.53,8267.69,4500.17,9356.26,2836.03,3964.64,2543.84,68.43
4/15/13,3452.54,2080.23,4520.72,2687.25,5376.22,984.6,5421.18,6938.37,7678.87,2235.21,3039.48,3622.06,70.12
4/16/13,5418.04,1796.26,4248.99,3046.73,6660.4,529.45,7337.52,4866.93,6995.09,2012.07,4074.19,3778.95,76.01
4/17/13,3898.6,1818.54,3358.23,3310.91,5695.79,891.96,7538.9,6239.01,9057.49,3043.04,3331.65,3383.06,67.48
4/18/13,4062.87,1905.4,4963,2188.7,6844.96,1042.33,6357.17,4819.94,4791.63,1628.56,3318.55,3969.41,67.31
4/19/13,4679.74,1678.37,4031.83,3149.97,5497.8,761.79,8895.35,5652.75,7636.44,2323.84,4632.95,3181.78,67.17
4/20/13,3981.28,1884.63,4493.45,2726.01,6232.42,963.65,5024.46,5673.08,7566.66,2744.43,3284.72,3574.79,73.13
4/21/13,6339.28,2399.43,4676.76,2903.16,5702.08,836.87,6461.49,4339.48,5965.02,2434.69,3794.32,3032.82,81.45
4/22/13,4060.89,1499.38,2732.6,3489.52,4346.83,842.87,8805.45,7192.45,7295.75,2349.18,3118.44,4183.19,69.95
4/23/13,4196.7,1434.42,4640.69,3162.54,6600.26,1083.04,7032.35,4227.64,7439.82,2568.96,3150.84,4555.61,68.13
4/24/13,5173.77,2041.95,4168.93,3917.38,5745.01,554.28,9604.13,4331.35,6523.29,2667.09,4152.88,3329.29,70.58
4/25/13,4107.77,1789.9,3661.88,3074.15,6304.74,953.49,6155.23,6163.36,8087.29,2596.28,3700.9,4274.36,73.9
4/26/13,5839.76,2447.14,5046.7,3268.74,4799.77,659.84,8037.1,5444.17,6193.09,2534.73,3752.3,4110.31,72.35
4/27/13,3786.5,1358.36,4353.69,2965.39,5203.61,742.87,10453.84,6498.72,8578.99,2125.51,3893.04,4344.82,70.81
4/28/13,4623.24,1462.27,3183.2,3443.56,7457.83,981.2,7055.98,6078.58,5381.08,3158.58,3422.46,3548.6,66.63
4/29/13,5008.12,2258.72,2958.64,3490.19,6983.53,797.57,5922.06,5081.14,6101.13,3366.19,4332.82,3215.64,69.21
4/30/13,3352.49,1817.98,3262.38,3135.87,6257.17,978.49,8248.02,6370.4,9515.51,2281.23,2551.62,3927.25,63
5/1/13,5375.71,2275.68,4755.1,3436.5,6303.67,886.78,6523.71,8099.6,6906.6,2492.94,3293.02,3552.16,74.26
5/2/13,4199.98,1301.14,3992.66,3002.05,5118.09,939.19,9044.46,6966.74,8789.26,2699.44,3594.51,3028.47,66.24
5/3/13,4830.59,1578.13,4807.37,2282.77,6853.22,1029.95,5929.73,5079.19,6769.85,1832.45,2787.41,4804.65,69.81
5/4/13,4640.43,2514.46,4344.23,3200.2,6135.85,858.9,8306.92,6195.11,7185.44,2622.44,4363.38,2907.05,68.88
5/5/13,3794.88,2054.67,4035.5,2682.76,5209.99,1011.16,6917.38,6084.16,9688.01,2785.06,3414.14,4098.87,69.82
5/6/13,4055.17,2745.11,4003.82,2774.84,5715.71,905.21,8080.14,6215.94,7415.8,2505.92,3938.07,2920.43,69.41
5/7/13,4139.06,1988.33,2918.07,3144.72,6097.61,652.16,8772.07,7050.68,6956.53,2758.66,2843.88,3396.33,72.94
5/8/13,4257.51,2241.54,5002.83,2738.39,6110.86,872.66,6088.59,4851.69,7154.47,2536.07,3668.29,4389.06,70.61
5/9/13,4475.26,2069.18,4399.56,3560.67,5947.04,817,8855.25,5117.5,6546.96,2720.97,3226.94,2354.44,66.37
5/10/13,4329.78,2613.43,4296.05,2454.6,6223.61,1091.86,7147.02,5745.35,8954.27,3106.7,2810.45,3598.18,73.65
5/11/13,5897.83,2199,4268.33,2831.93,6200.31,803,6633.72,5840.97,6471.98,2118.96,4158.68,3743.8,76.29
5/12/13,5538.52,1894.82,3433.82,2829.37,5654.3,860.35,8391.32,6810.94,8551.93,2927.84,2594.11,3717.69,76.29
5/13/13,4818.58,1362.02,5607.63,3049.01,7474.73,967.03,7228.23,4765.8,7692.81,2558.68,4071.1,4429.08,70.91
5/14/13,5120.05,2506.08,3720.45,3894.75,5857.11,918.89,7955.53,6892.43,7799.58,2839.43,4784.58,2648.32,71.37
5/15/13,3529.14,1938.63,3854.65,2144.54,5362.46,870.76,6409.83,6761.58,10407.99,2768.69,3860.85,3954.86,70.43
5/16/13,5887.16,2119.97,4728.46,2747.48,6346.49,939.9,5747.75,5334.74,5890.59,2583.96,3979.37,4022.74,70.53
5/17/13,3585.09,1817.1,3909.62,3063.4,5687.91,792.43,8670.16,5749.21,7779.26,2492.46,2862.54,3283.02,70.09
5/18/13,5185.5,2082.66,4448.92,2772.46,6426.82,1072.97,6911.53,5694.13,9186.56,2186.67,4256.63,4221.53,78.26
5/19/13,5125.71,2362.53,4283.39,3307.82,5181.3,946.98,8755.87,5109.25,7646.84,3070.71,3794.56,3071.16,75.61
5/20/13,4460.19,2015.69,4472.67,2444.58,4416.92,884.12,6408.06,5603.72,6462.01,2789.74,3045.14,4045.37,65.88
5/21/13,5232.72,2020.02,4922.34,3131.02,7173.88,825.8,7154.03,4086.52,7040.7,2558.05,3845.66,3120.89,74.34
5/22/13,4932.21,1839.49,4038.28,3535.12,5390.15,773.86,7867.73,7715.95,8481.04,3435.94,3406.8,3117.36,73.58
5/23/13,5990.81,1915.64,4721.54,2924.22,7739.08,1073.32,7582.17,6377.58,7532.29,1876.26,2814.24,4046.23,72.51
5/24/13,7732.97,2017.83,4250.36,3195.59,6128.04,875.89,7058.86,4698.09,8197.82,2553.38,3942.39,3245.26,78.34
5/25/13,7114,1856.78,3660.98,2399.01,5572.44,827.65,9086.29,6555.08,9053.79,2502.02,3334.44,4041.33,73.59
5/26/13,8856.52,2136.79,4783.84,2834.88,6411.12,870.61,7033.02,5959.7,8458.75,1945.95,3872.84,2624.01,86.89
5/27/13,9197.57,1839.56,4451.34,2586.72,4871.96,767.63,7635.65,6187.68,6813.14,2963.38,3631.79,4029.06,86.96
5/28/13,7173.65,1830.77,4854.17,2784.24,6599.01,853.62,6597.46,5963.46,9821.3,2474.56,3986.34,3914.79,80.68
5/29/13,6787.49,2178.72,4266.72,3725.16,5475.45,754.91,9777.8,5367.46,7688.41,2745.76,2969.57,3641.12,78.5
5/30/13,6302.67,1353.92,4314.7,2613.89,5866.1,816.42,7764.15,7758.37,8943.68,3099.47,2934.24,2650.35,71.19
5/31/13,6153.05,2062.38,3849.6,3127.16,6440.72,1041.26,6829.05,6080.14,7606.11,2625.57,3997.77,3296.76,75.85
6/1/13,4140.23,1800.75,4626.35,2870.28,6089.97,685.61,8055.25,6164.21,6650.33,3409.42,4414.71,3144.11,66.08
6/2/13,4536.06,1581.93,5824.26,3040.59,5021.11,945.74,6256.3,6493.62,7993.14,3075.82,4277.44,4640.31,74.83
6/3/13,5455.84,2568.09,4948.12,3063.26,4681.78,744.24,7485.84,4922.61,6532.02,2207.6,4640.73,2833.49,76.89
6/4/13,5296.99,2022.54,4030.43,2019.51,5030.16,1048.45,6587.57,6987.87,5914.42,3225.75,2326.01,4531.69,77.52
6/5/13,4410.1,2232.58,5024.11,2902.57,6960.51,825.15,6896.58,5003.28,6684.18,2281.39,3997.31,3176.11,73.84
6/6/13,4069.27,1710.53,3799.1,3401.38,5582.44,879.34,8198.98,5524.91,6750.05,2874.21,3648.71,3181.73,68.87
6/7/13,5831.39,1861.96,3193.27,2769.76,6614.19,872.33,7304.38,6100.68,7080.49,2262.59,3114.65,3978.92,74.26
6/8/13,5153.9,2216.31,4515.51,3149.03,4663.62,1078.13,6842.93,5760.35,7000.44,2506.75,4024.21,2550.74,68.58
6/9/13,4298.69,1954.78,4047.44,2822.4,5358.62,927.18,7189.62,6991.35,7521.04,2868.62,3396.62,3467.84,66.95
6/10/13,5358.34,2306.69,3964.43,2189,7130.33,1020.95,7113.89,4597.28,7127.2,2122.8,3983.08,3204.44,78.15
6/11/13,4346.76,1740.3,3145.3,2239.44,6662.76,771.04,6183.45,7599.37,5682.28,2899.16,3886.2,2510.1,73.15
6/12/13,4108.02,1999.11,4342.1,3112.57,6201.09,939.56,6935.33,4721.6,8157.52,2139.23,3387.49,3707.25,66.92
6/13/13,4738.18,2094.3,4465.49,3302.31,5617.53,771.67,7917.47,4842.73,8999.21,3222.82,4025.91,2706.32,75.82
6/14/13,3104.28,1631.85,3297.5,2830.08,5652.68,1009.97,4411.5,6567.68,7945.17,2925.03,3204.52,3427,66.35
6/15/13,5940.62,2336.79,4847.25,2694.5,5976.89,922.75,6870.66,5718.67,7434.56,2335.31,3851.51,2582.97,73.13
6/16/13,3326.93,1733.92,3607.72,2926.44,6047.35,899.13,7512.62,6192.69,8190.07,3102.13,3874.79,3132.72,67.74
6/17/13,4152.33,1735.26,3853.72,3108.43,6303.18,1065.05,6587.57,4265.99,7038.8,2052.94,2703.44,4232.05,69.54
6/18/13,4718.69,2230.56,4464.08,4126.57,5470.22,640.27,6569.54,5472.46,7629.83,2268.04,3925.61,3332.94,66.96
6/19/13,3642.45,1909.96,4549.54,2306.17,5018.02,722.49,8395.02,6778.72,8780.29,2810.77,3283.95,3140.46,65.78
6/20/13,5324.75,2272.47,4388.52,2586.8,6579.1,830.67,4361,5133.84,6075.68,1648.84,3416.73,3596.25,75.27
6/21/13,4180.24,1573.86,3298.28,2792.04,5581.93,980.88,6040.49,5404.04,5947.58,2735.51,3636.6,3763.46,69.8
6/22/13,5618.4,1476.95,4998.78,2821.18,4896.89,1116.85,4098.17,6033.09,8382.18,2154.36,3488.72,3868.13,73.54
6/23/13,4489.67,2530.57,4291.98,3552.97,6071.56,957.79,8781.55,6270.04,4471.33,2366.34,3850.88,2871.25,66.32
6/24/13,4179.23,1341.31,2806.69,3105.88,5727.32,877.16,7662.04,6684.9,6501.69,3208.26,3056.5,2765.92,70.44
6/25/13,4695.02,1645.85,4286.63,2862.29,5524.58,980.03,6740.8,5909.8,7797.66,2859.27,3548,2680.15,68.54
6/26/13,5163.89,1784.25,4007.83,3159.44,5835.73,979.83,8108.33,7218.27,5896.78,2541.85,3484.6,3807.54,70.34
6/27/13,4613.69,1983.01,3758.22,3172.33,7089.87,849.23,6695.39,4818.62,8323.05,2030.57,4170.64,4388.93,69.73
6/28/13,6058.49,2267.7,3949.67,3059.37,4088.19,825.03,7495.16,6180.34,8917.98,2513.82,3374.33,3016.67,80.91
6/29/13,5329.69,1679.36,2649.48,2313.77,7073.57,914.37,8477.21,6450.2,6017.09,3245.33,3051.05,4273.44,70.01
6/30/13,6388.84,2143.79,5260.55,2934.79,7299.12,872.13,7777.43,6443.56,5963.27,2502.87,4282.41,2853.05,77.94
7/1/13,5125.11,1721.34,3237.06,3593.22,5243.28,910.87,8534.48,5826,7956.92,2285.93,4038.4,3562.21,74.89
7/2/13,6690.28,1893.36,3881.48,2501.74,6199.32,1271.68,5784.72,7285.29,6991.08,2477.88,2372.23,3227.29,73.8
7/3/13,6964.41,2289.14,3408.39,3072.41,5481.75,765.91,6585.75,5507.05,6977.84,2895.81,2903.8,3472.97,74.06
7/4/13,6056.23,1596.96,3550.28,3057.9,7560.94,861.23,8699.36,6096.91,8949.1,2959.59,3638.05,4080.05,73.41
7/5/13,8103.12,2148.82,4454.69,3047.74,6516.5,650.9,6095.89,5193.65,6053.13,2514.01,3918.2,2653.23,82.71
7/6/13,4347.94,2130.3,3873.97,2477.02,5390.39,861.58,8710.76,6954.47,7297.94,3447.23,3402.99,3974.43,67.95
7/7/13,4447.8,2176.25,5016.75,2111.08,8385.76,943.1,8189.85,6524.28,8116.07,2359.46,3430.3,3857.41,67.24
7/8/13,5740.41,2204.24,4902.34,3077.96,3887.11,795.13,8263.32,6762.42,7732.62,2271.15,3327.23,3100.44,71.83
7/9/13,3767.43,2121.49,3220.94,2733.64,6655.94,818.24,7242.18,5630.16,7900,2486.13,3154.44,3451.83,68.28
7/10/13,5963.26,2212.74,5193.42,1713.71,7897.75,628.36,7243.93,5413.52,6075.62,3039.67,3519.85,2788.22,73.19
7/11/13,5473.54,1746.46,3183.85,3205.37,4298.79,850.54,9550.19,4849.17,7544.77,2717.83,3654.68,3923.5,77.86
7/12/13,5261.69,1346.92,3688.91,2837.27,6267.64,853.54,5805.88,5565.95,9394.74,2599.52,3994.12,3481.25,74.87
7/13/13,5203.54,2416.37,4677.86,2923.36,5987.37,753.19,8425.18,5619.13,3357.45,2508.74,3966.91,2935.03,68.29
7/14/13,4063.28,1523.69,3334.75,3406.16,5482.11,1065.25,6792.94,5471.73,8563.19,3146.13,3470.28,3179.07,71.11
7/15/13,5626.21,2014.23,4195.96,2168.13,5306.44,990.05,8072.94,4197.8,5617.56,2157.79,3387.29,3495.28,79.26
7/16/13,4484.13,1521.2,4214.11,3007.64,4777.59,600.54,7310.88,6655.14,7524.98,2861.16,4598.1,3623.16,66.88
7/17/13,4374.71,1804.38,4181.3,3434.28,7068.84,1128.54,5851.57,6142.07,7423.52,2886.73,3726.76,3958.19,69.54
7/18/13,5565.35,2625.59,3575.39,3117.89,5755.04,968.45,9006.33,3941,6793.18,2555.1,4165.23,3300.85,74.22
7/19/13,2786.23,1790.52,3228.95,2544.91,5396.79,1089.41,9960.15,6325.14,7211.27,2925.41,3744.55,4583.32,62.74
7/20/13,5594.63,1788.03,4932.71,2939.07,7439.9,830.92,6306.72,5368.6,7748.86,2495.43,3390.53,3318.3,77.83
7/21/13,4245.2,2328.22,4036.01,3470.43,6420.19,854.38,7621.11,4312.85,6937.32,3322.92,4188.97,3732.97,72.7
7/22/13,3847.69,1918.18,3866.32,2943.33,5687.8,1128.2,5715.74,5783.23,8114.34,2579.08,3508.1,3978.67,67.97
7/23/13,3642.31,2518.94,4695.42,2862.25,4419.39,1018.55,8320.58,6808.74,4923.54,2507.85,4065.38,3074.94,70.98
7/24/13,4078.86,1834.89,4265.41,3368.06,5424.55,823.33,7685.55,7219.58,7444.81,3145.08,2586.36,3933.3,68.65
7/25/13,4265.09,2002.6,5496.84,2366.56,6342.01,839.35,7152.16,5271.45,6708.25,2746.74,4326.38,3864.99,74.54
7/26/13,5580.72,1996.6,4496.45,3651.22,5328.6,874.22,8475.63,6188.7,6577.27,2716.57,3993.2,3492.59,78.27
7/27/13,3731.86,2055.48,3665.87,3415.8,6943,997.29,7993.66,7105.28,8035.39,2829.97,3555.24,3574.16,63.27
7/28/13,4993.47,2058.93,3119.63,2871.33,6161.51,1001.88,7998.47,5602.29,7449.75,2024.68,3412.26,3711.48,73.52
7/29/13,5075.76,1583.84,3890.45,2422.37,5398.9,797.85,7792.97,7590.29,8739.74,2804.53,3917.4,4361.1,76.94
7/30/13,5316.11,2314.9,4580.48,2783.26,6785.87,882.04,6312.6,6054.76,4977.67,2171.56,3059.94,3924.22,69.65
7/31/13,4060.8,2122.13,4048.55,3851.31,7115.44,715.26,7595.99,5792.09,7737.8,2822.29,4091.46,3524.9,66.15
8/1/13,3324.16,2043.34,4998.23,3344.48,5723.2,915.43,5817.09,6246.72,7304.49,2550.5,3639.98,4315.09,61.17
8/2/13,5303.32,2414.59,4268.38,2871.04,4944.69,797.33,7302.32,5004.04,6825.41,3451.6,3619.74,2823.72,77.91
8/3/13,3499.76,2195.57,4069.89,2479.51,4207.3,830.77,7523.59,6025.63,8510.52,2229.81,3250.12,4090.98,65.97
8/4/13,5016.57,2240.41,4736.74,2895.87,7050.54,899.57,6840.44,4318.33,7193.68,2519.39,3456.91,4242.78,70.17
8/5/13,4627.3,2188.36,4246.25,3727.61,5313.44,617.43,8532.6,5973.67,7437.1,2711.48,3706.79,3977.93,66.27
8/6/13,3938.47,1695.48,4567.59,2484.2,6555.53,1058.44,5752.34,5419.59,7840.01,2182.57,3572.07,4052.28,64.36
8/7/13,6098.08,2510.97,4160.61,3616.88,6195.16,854.71,6961.68,4965.36,6502.09,2500.73,4456.55,2574.19,77.78
8/8/13,4580.11,1731.55,4390.93,3070.12,5712.61,937.37,9420.31,7546.58,8779.25,3090.7,3574.78,3907.7,69.92
8/9/13,5161.3,2123.33,4589.12,3256.24,7691.39,1079.54,7720.73,5004.25,5864.17,2586.47,3316.59,3157.36,74.14
8/10/13,4367.7,2278.19,4115.82,3464.2,4963.71,960.49,9089.97,6673.43,7823.17,3346.94,3705.99,2850.7,71
8/11/13,3701.68,2184.06,3879.44,3182.75,7089.83,851.63,5003.87,6522.11,7375.16,2028.25,3432.59,4067,66.2
8/12/13,4626.25,2372.52,4601.45,3360.23,6884.35,716.81,7024.08,6267.79,8003.68,2710.95,3350.44,3525.47,67.71
8/13/13,4806.36,2053.62,4259.12,2942.16,4967.19,975.99,7255.04,6523.76,9748.46,2571.37,3192.64,3912.59,73.76
8/14/13,4628.12,1827.53,4769.37,3017.27,7631.05,852.77,5148.1,5945.39,7575.87,2197.63,3328.35,4165.55,69.37
8/15/13,4247.4,2091.64,3108.7,3862.43,5658.51,840.9,7943.72,5565.61,6714.8,2840.53,3534.28,3172.64,71.47
8/16/13,3443.36,1623,4229.48,2921.94,5125.81,909.56,8000.39,6054.87,8771.35,2626.9,3552.3,3577.76,70.51
8/17/13,4921.22,2230.6,4436.51,3131.44,4662.5,764.53,8046.28,3784.76,6700.62,2770.72,4109.5,2709.96,75.31
8/18/13,4926.28,2070.28,4365.18,3319.43,6267.19,499.92,6424.1,7695.2,8323.36,2699.26,2840.07,3885.5,75.03
8/19/13,5455.88,2086.47,5150.12,2345.71,8162.76,1051.95,5654.68,4362.94,7202.82,2408.72,4347,3805.74,69.19
8/20/13,4641.78,1840.56,4701.63,3100.19,5410.83,893.22,8196.17,5624.69,6621.92,2339.56,3445.61,4530.14,69.6
8/21/13,5478.51,1883.7,4714.28,2436.12,6264.05,984.56,5265.15,5202.57,7744.24,2570.83,2981.03,4865.86,72.06
8/22/13,5290.19,2389.97,3654.74,2410.84,6170.45,1008.14,7698.24,4561.68,7085.23,2434.25,4107,3735.87,73.23
8/23/13,5315.03,1817.47,3890.32,2618.69,5989.71,918.93,7282.03,7962.3,6971.59,3641.05,3073.6,4440.36,77.55
8/24/13,5801.74,1999.95,3799.77,2305.68,5919.26,1015.43,5594.5,5163.46,6216.86,3224.67,2984.26,3229.43,77.73
8/25/13,5028.98,2108.93,3436.61,3107.07,6286.13,702.68,7946.79,5056.88,7076.03,3052.99,3260.99,3279.26,70.9
8/26/13,4017.44,1984.74,3860.14,2451.52,6680.75,1036.24,6217.51,7575.01,9505.78,3082.53,3067.63,3861.76,66.11
8/27/13,6271.37,2205.26,5022.84,3188.43,7083.3,959.59,6731.47,4956.73,5633.65,1797.89,4231.79,1455.82,77.08
8/28/13,5250.65,1872.58,4322.47,1620.83,5180.11,862.85,8883.96,7354.4,8674.71,3317.21,3305.51,4180.85,76.38
8/29/13,8459.85,2214.41,4704.02,2804.24,7733.96,797.68,7003.93,5751.96,7321.68,2264.51,3559.25,3062.42,87.02
8/30/13,6491.48,2299.38,2973.97,3509.5,5059.54,750.97,7462.1,7781.01,6056.94,2769.22,3942.1,2983.53,75.85
8/31/13,5690.27,2303.38,4727.29,1994.69,5270.81,877.15,7001.11,6822.48,9332.6,2840.17,1825.68,3855.39,76.67
9/1/13,8199.65,2809.67,4044.82,3067.61,6591.35,748.27,8252.6,5509.27,6704.8,2140.85,3482.24,3290.98,85.86
9/2/13,6400.18,1323.97,3249.21,3100.42,6659.05,853.18,5239.2,5785.38,8813.12,3105.91,2897.9,4105.8,79.49
9/3/13,5648.68,2202.69,4284.78,1862.11,5663.19,1026.17,4323.37,5915.76,6733.68,2222.43,3437.66,3450.99,75.34
9/4/13,4681.62,2345.75,3544.33,3183.51,5173.44,746.31,10064.44,7273.47,7833.65,1923.75,3488.17,2742.03,67.89
9/5/13,4900.44,1459.85,4625.28,2196.55,6653.08,978.3,4326.38,5434.95,7424.44,2883.89,2513.18,3856.73,76.3
9/6/13,6675.07,1360.73,2506.24,3151.49,6489.81,717.33,9171.43,5384.68,7991.14,1519.07,4331.71,2839.33,74.15
9/7/13,4101.05,1709.67,3890.95,2745.98,5692.72,783.18,7717.31,7458.27,7592.82,3008.26,2950.99,3665.25,71.41
9/8/13,4881.72,1892.32,5527.5,2556.33,6692.62,751.99,6580.11,5419.16,7809.05,2245.28,3583.28,4067.55,72.34
9/9/13,4197.31,1880.31,4360.54,3239.13,4998.16,768.08,8831.33,6150.44,6115.74,2579.73,3745.36,4140.67,70.95
9/10/13,4947.01,1733.07,5066.12,3204.23,6588.63,1005.97,9766.69,5621.69,7372.82,2575.5,2817.47,3566.23,69.63
9/11/13,5553.41,1580.18,4200.07,3066.36,5948.69,830.83,7958.6,6065.83,7270.49,2582.22,4337.2,3131.96,78.03
9/12/13,4573.41,1764.65,3139.94,3018.81,4393.75,661.47,7911.61,7271.87,8268.37,3290.67,2586.57,3134.98,73.55
9/13/13,4993.55,2046.96,4279.64,2335.13,6619.94,910.48,5744.03,6361.26,6842.85,2692.15,2977.22,3607.84,68.52
9/14/13,4990.12,2279.89,2892.37,3000.83,5731.67,764.92,8835.72,6241.55,6331.96,2376.4,4176.04,4356.89,70.88
9/15/13,4493.48,1541.94,5201.93,3101,5818.13,1063.92,6711.29,6746.96,7933.52,2759.93,2527.95,3927.89,69.47
9/16/13,5109.15,2067.71,3730.45,3129.96,5724.19,764.21,6963.74,5536.96,6256.8,2692.42,3579.28,3344.45,67.97
9/17/13,4318.68,1801.06,4003.39,3412.86,5849.42,1184.63,8372.03,6638.51,9703.7,3278.89,2927.11,3292.2,66.45
9/18/13,5331.53,1918.13,3357.77,2941.54,7300.08,784.1,5397.21,5264.24,7381.34,1995.94,2873.18,4132.07,71.23
9/19/13,4004.14,2269.02,3055.23,2579.12,6979.36,977.93,9386.34,6145.05,6686.03,2849.88,3275,3190.61,72.52
9/20/13,3951.61,1985.79,3578.33,2879.25,5567.97,1053.74,5741.64,5923.14,9144.89,2853.95,2245.58,2744.42,70.26
9/21/13,6074.34,2360.34,5205.23,2393.31,5376.63,888.64,7058.34,5673.57,8112.34,2447.48,4417.32,2481.64,76.91
9/22/13,4381.5,1824.88,3430.17,3491.32,5940.57,755.66,7380.24,6904.82,8279.63,3030.15,3646.32,3713.41,74.85
9/23/13,4794.47,2062.68,4023.48,3238.59,8280.01,982.88,6249.51,5349.51,7589.82,2422.81,3768.86,3878.34,67.21
9/24/13,4677.23,2619.15,4589.36,3856.34,5870.68,1125.39,7418.67,5700.68,8342.43,3006.05,3722.89,4034.27,72.68
9/25/13,2724.29,2012.33,4427.85,1846.49,6182.45,801.32,6930.84,5338.61,9181.46,2068.35,3415.79,4510.73,66.79
9/26/13,6510.7,2255.27,4033.21,3583.4,6764.26,921.93,7429.92,5050.58,6387.61,2606.71,3631.42,3046.45,73.94
9/27/13,3287.64,1686.73,3940.7,3436.95,5852.89,835.64,9843.47,6250.39,8509.02,2742.99,3488.83,3862.43,67.45
9/28/13,4940.25,1960.77,4295.42,2409.96,7169.16,1060.79,7480.93,5746.64,6247.42,2737.34,3102.67,3822.28,68.85
9/29/13,5741.72,2031.6,4506.2,3884.86,4806.74,837.94,10416.89,5841.37,7953.32,2875.79,3356.65,4117.97,71.98
9/30/13,4318.95,1488.64,3629.04,1576.29,7084.38,852.23,5457.79,6180.79,7131.81,2501.14,4062.81,3514.88,74.02
10/1/13,5831.15,2642.6,4496.7,3418.46,7524.13,866.93,6517.41,5466.22,7730.6,2419.05,3489.09,3427.85,72.44
10/2/13,4388.05,1847.68,4029.81,3384.1,6158.75,743.34,8267.28,5719.41,7331.85,2973.64,3415.61,3209.96,69.19
10/3/13,5505.12,1987.07,3949.23,2310.93,7890.49,830.6,8463.8,4117.28,7592.01,2294.85,3081.8,3154.92,76.42
10/4/13,4181.37,2184.91,4508.69,3600.24,5607.64,788.13,9469.48,4588.33,7609.53,2715.99,3875.8,3678.55,72.39
10/5/13,4622.16,1771.34,4146.97,3249.52,7508.69,988.84,7787.82,7378.42,7851.55,3040.61,3492.24,4154.88,71.43
10/6/13,5644.03,2556,4778.34,2545.82,7621.76,866.8,7342.8,5512.75,6004.41,2069.16,3073.79,2922.38,70.06
10/7/13,4167.55,1657.73,3932.1,3253.34,4968.59,834.94,7932.15,7448.05,8481.85,2946.64,3965.29,4578.18,72.89
10/8/13,4390.09,2081.21,4874.57,3086.08,6430.29,954.68,6578.84,5492.39,6107.59,2194.93,3722.23,4394.07,73.31
10/9/13,3998.91,1637.79,3098.72,4123.4,6122.97,772.81,8554.58,5979.46,7043.47,2627.78,3883.88,2937.53,64.92
10/10/13,3610.2,1835.16,4458.5,2654.91,4730.18,1144.11,8362.44,6214.79,7531.9,2650.26,3713.02,4372.55,69.48
10/11/13,5003.38,2453.54,5079.46,3151.23,6641.44,671.5,6986.88,5058.17,5973.04,1852.37,2708.51,3069.85,72.71
10/12/13,4519.28,1898.67,3621.18,3312.93,5606.16,801.05,8092.54,7438.5,8012.99,2638.16,3128.31,4529.63,73.46
10/13/13,5131.19,1990.82,5747.07,2330.12,5822,1137.25,7846.81,5747.74,8665.77,2388.1,3016.19,4207.75,71.88
10/14/13,5109.9,2289,3446.17,3260.89,6631.62,847.15,7133.73,4690.9,6401.51,2786.8,4334.63,3716.28,72.36
10/15/13,4258.86,1961.1,4435.91,3231.85,6356.4,979.15,7974.96,5790.59,7531.86,2623.36,2892.05,3890.39,66.82
10/16/13,4884.77,1719.91,3775.99,3267.57,8462.52,1059.35,8240.65,5728.33,7219.71,2994.71,3477.24,3364.71,77.04
10/17/13,3603.34,1998.99,3753.01,2625.34,6554.6,930.91,7803.21,6592.05,6018.33,2518.2,3651.07,4228.74,71.07
10/18/13,4160.07,1476.11,3388.81,2462.57,8310.9,894,8728.66,5890.74,6610.51,1979.43,3269.05,3968.57,69.33
10/19/13,5160.93,2457.89,4907.5,3199.76,5537.26,681.13,7350.12,6523.18,6072.08,2309.04,3287.62,2762.1,74.98
10/20/13,4122.59,1721.8,4349.75,3111.33,6437.26,861.74,5981.46,5109.87,9181.1,2198.6,4027.94,4187.68,68.36
10/21/13,6021.26,2291.85,4731.77,2734.7,6617.6,860.22,7082.3,4288.67,6525.39,1987.98,2395.05,4084.56,74.75
10/22/13,4805.82,2111.74,2881.15,2684.57,4798.59,672.34,7457.89,6148.83,7077.18,3339.23,3831.91,3622.61,67.46
10/23/13,4283.69,1902.32,4623.01,3016.36,6563.43,985.58,8249.52,4861.81,7575.82,2083.16,3196.53,3570.52,72.06
10/24/13,5006.74,2227.94,4602.61,3191.21,4943.9,599.32,8633.08,7145.49,4904.59,2659.91,3095.44,3764.1,67.89
10/25/13,4038.2,1500.33,4695.92,2496.12,6487.18,1143.97,7404.7,5974.69,8422.99,2451.9,3090.26,4321.23,66.07
10/26/13,4052.74,2253.75,4747.85,2670.08,5422.29,909.07,8535.58,5337.55,5008,1974.3,4066.9,2952.67,71.41
10/27/13,3491.25,1880.24,4018.01,3161.43,4953.66,672.32,8163.33,7907.35,5695.84,3170.05,3185.97,3523.7,62.82
10/28/13,6365.18,1988.81,5152.12,3280.38,7712.71,1117.53,6781.17,4861.47,6245.81,2377.06,2747.61,4061.01,81.5
10/29/13,4568.53,2014.53,4034.79,3800.28,6490.35,895.79,9310.06,5687.12,6615.77,2837.64,4131.05,3431.47,69.94
10/30/13,3836.89,2154.55,4350.43,2289.74,5769.08,1026.3,9429.39,6933.29,8188.28,2469.45,4039.99,3712.56,70.43
10/31/13,3537.42,2510.44,5260.3,2384.27,6623.51,899.39,7544.26,5285.8,6621.09,2448.56,3663.31,3055.37,66.35
11/1/13,3762.01,1707.34,3855.93,3384.87,5420.16,862.84,9619.46,6763.11,8616.67,2446.21,3292.75,3325.42,67.9
11/2/13,3429.02,1975.32,4968.34,3050.73,8285.48,1010.86,5440.68,5257.79,8763.51,2286.95,3833.1,4247.57,69.7
11/3/13,4730.95,2000.04,3754.9,3699.08,5331.18,896.65,7217.78,6474.81,5705.15,2638.86,3316.07,2632.36,75.31
11/4/13,5102.28,1334,3716.61,3008.6,7319.61,815.06,8018.83,7211.63,8805.03,3264.03,3675.79,4354.01,71.31
11/5/13,3993.66,1957.99,4466.41,3438.59,6408.19,1006.89,5618.58,4733.92,6396.73,2209.35,4119.35,3610.36,68.73
11/6/13,5801.65,1791.05,4685.17,3223.91,4815.5,689.15,7441.11,6775.01,8209.17,3088.81,4677.33,3566.77,72.02
11/7/13,4579.98,2592.58,4233,3489.74,6252.1,957.06,6163.32,6265.33,9716.44,2395.23,3749.64,4249.7,68.99
11/8/13,5063.71,1772.29,3859.8,4073.98,5571.66,794.82,7864.97,5314.49,5727.37,2810.07,4295.4,3848.57,73.96
11/9/13,6586.94,2354.39,3788.8,2865,5555.67,983.3,7638.98,4699.25,7056.17,2675.95,2916.59,4398.89,72.77
11/10/13,7398.49,2406.94,4946.18,3547.2,6641.86,888.45,6475.13,5742.45,6052.37,2104.78,3469.71,3385.86,79.37
11/11/13,7944.61,2278.52,4092.62,3161.33,6020.07,906.29,8675.28,6036.79,6595.12,3116.51,3138.42,3730.14,83.42
11/12/13,5751.4,2297.56,4729.98,2351.2,5950.72,962.94,7301.18,5281.25,8668.36,2336.43,2972.63,3401,71.73
11/13/13,8203.84,2507,4891.4,3910.13,7066.89,844.5,6618.04,6330.14,7588.66,2862.3,4520.83,2909.38,76.93
11/14/13,5300.4,1729.01,4153.61,1939.83,5258.77,745.84,6873.19,6450.23,8443.26,2799.23,3506.93,3273.76,69.52
11/15/13,5413.01,1831.03,4730.88,3557.9,7082.83,925.06,7728.08,3945.97,5058.72,2319.77,4460.64,3071.01,78.04
11/16/13,4170.49,2082.23,3195.36,2970.56,5898.65,859.41,7220.83,7221.6,8296.52,2615.16,3646.45,3818.43,73.38
11/17/13,5969.97,2064.01,3412.7,2668.71,7091.87,971.51,7289.64,5663.04,8092.52,1803.25,2799.43,3375.95,71.79
11/18/13,4145.55,2443.2,4494.48,3419.67,5666.97,818.41,7249.65,5971.2,6138.16,3214.38,4617.49,3374.88,69.07
11/19/13,4847.55,1947.05,3981.98,1963.54,7626.69,839.19,9156.81,6874.05,9498.31,2778.2,3228.52,3270.67,70.71
11/20/13,5180.5,2304.12,4454.88,3183.25,4048.26,875.54,8101.2,3397.55,9705.24,2058.11,3577.42,3800.39,75.64
11/21/13,3305.52,2030.02,4534.28,2659.46,5057.85,975.8,7597.44,6138.43,8941.17,3215.56,3735.74,3689.06,68.03
11/22/13,5044.09,2567.44,3749.97,2706.22,6192.41,766.84,5726.26,5442.31,7076.86,2259.59,3024.48,3092.78,75.9
11/23/13,3957.25,1704.62,3884.95,3362.62,4749.27,962.09,8660.95,6428.84,6724.2,2363.56,3897.9,3728.46,65.09
11/24/13,3782.11,1797.57,4047.13,3077.46,6194.81,812.23,7295.59,7371.56,8466.52,2649.61,3566.27,4280.41,70.39
11/25/13,5787.67,1692.46,5200.27,3224.64,5255.53,678.02,7343.98,4088.43,6309.09,1856.64,3725.02,3316.12,80.28
11/26/13,3865.29,1599.73,4118.7,2807.65,5939.65,849.7,7989.86,7592.4,8094.45,3503.76,4552.7,3272.13,66.95
11/27/13,5544.26,1891.44,4026.62,2214.51,5378.41,1082.86,4681.94,6178.02,8216.31,2306.74,3443.93,4142.27,71.5
11/28/13,5626.96,1829.03,3741.9,3359.45,4039.45,814.82,7829.93,6052.29,6747.3,2929.86,4512.49,3334.03,70.27
11/29/13,8619.89,1938.63,3595.42,2814.34,6331.38,909.67,8213.44,6215.77,9477.52,2725.35,3155.09,3271.12,83.46
11/30/13,8236.66,2207.88,5718.58,2329.68,5705.45,880.32,7299.62,4271.03,6770.71,2377.01,3484.85,3754.12,78.52
12/1/13,8773.49,890.47,3508.52,2973.74,6062.23,877.48,7469.84,4864.33,6624.28,3269.16,3476.28,4411.25,78.98
12/2/13,11548.66,1911.15,4980.17,2631.97,6538.17,875.3,6837.75,5372.56,6871.1,2731,2304.73,3585.85,85.94
12/3/13,7170.65,2126.46,4180.41,2873.99,5436.99,783.76,8625.57,6107.28,6371.12,3210.82,4705.93,2707.4,76.9
12/4/13,6541.5,1803.94,4878.77,2851.54,6613.63,872.31,8265.95,5087.36,8186.69,2803.35,3636.85,4143.87,73.09
12/5/13,10780.18,2398.93,4148.01,2331.34,5463.98,1178.79,8394.78,5437.31,7314.2,1752.8,2198.61,3638.63,87.98
12/6/13,5398.9,2046.93,4557.59,2720.32,4276.3,629.52,8767.62,7318.02,8561.06,3023.76,3302.76,4518.84,76.37
12/7/13,5076.22,2109.9,4379.58,2010.54,7117.65,907.24,6791.07,6718.8,8213.65,2443.25,3576.57,3896.84,71.17
12/8/13,4356.17,2320.65,4457.16,3064.99,6676.37,1030.55,7356.76,5764.6,6847.51,2324.65,3950.06,3338.46,73.53
12/9/13,3672.46,1948.62,3046.98,3262.98,6197.81,851.98,7274.68,6325.91,8035.92,2584.04,2826.2,4121.6,69.66
12/10/13,5136.31,2140.12,5183.72,2604.11,7012.61,869.19,6843.03,5510.99,8453.24,2357.9,4056.42,3100.02,76.7
12/11/13,3952,2109.17,3356.79,3373.71,5940.16,736.79,7833.6,6896.05,8294.48,2349.22,3885.73,3290.37,72.83
12/12/13,3853.85,1994.59,4014.8,3056.69,5206.59,851.33,6371.45,6291.27,8324.81,2302.62,3765.47,3194.08,65.67
12/13/13,3409.65,1822.6,3975.18,3224.34,6402.87,828.73,6569.19,6376.03,6744.26,2307.71,3610.07,3120.65,62.68
12/14/13,5097.89,2292.52,3434.24,2708.3,5645.75,852.5,7971.65,5862.03,8486.03,2768.39,3354.7,4462.31,73.55
12/15/13,5590.73,1706.2,3910.81,3818.74,6738.06,787.86,6808.37,4294.82,8312.91,2581.29,4744.13,3656.77,79.12
12/16/13,4227.09,2539.9,3560.17,2800.99,6541.71,786.92,7660.12,6526.7,6810.51,2616.43,4132.83,2825.95,69.18
12/17/13,5454.29,2155.42,5099.09,2100.83,6150.58,1000.76,5895.26,6610.71,6897.59,2965.08,3126.6,3849.33,69.92
12/18/13,5160.72,1647.13,4195.93,3316.45,4414.79,672.24,8684.75,5465.98,7916.1,2989.76,4167.77,3526.83,73.93
12/19/13,3915.48,1398.94,4165.03,3379.28,5809.97,970.86,7498.15,6738.02,8713.92,2740.59,3143.2,3772.64,71.39
12/20/13,5238.74,2152.87,4886.98,3260.72,5456.09,970.62,7120.79,6935.85,8173.39,2236.91,4515.68,3565.99,75.86
12/21/13,5928.81,1806.35,2438.94,3426.06,6054.36,820.25,6880.57,5921.53,8137.7,2611.49,3552.04,4424.96,79.27
12/22/13,5574.18,2166.07,3167.33,3258.22,5653.95,1131.76,6876.59,6211.73,7770.26,2764.56,2262.6,3728.2,79.61
12/23/13,6726.71,1812.09,4565.7,3428.77,5930.51,668.27,7961.5,4857.95,7355.22,2895.39,3004.38,3782.37,76.55
12/24/13,4377.5,1713.77,4426.74,2421.47,5356.99,900.32,9271.01,5097.22,6992.48,2914.57,2916.22,2989.05,73.59
12/25/13,5537.35,2150.28,3978.75,2641.09,6828.55,982.52,8561.46,6465.59,4323.09,2530.59,3796.65,3405.62,73.48
12/26/13,5599.72,2859.95,3355.38,2744.53,5612.94,984.84,9828.11,7036.07,6579.25,2763.83,2329.95,3885.06,77.97
12/27/13,3304.13,1892.33,4790.18,3042.39,5583.14,720.01,6266.17,6712.99,6469.61,2524.72,3870.09,3582.75,65.85
12/28/13,5473.52,2314.91,4653.43,3230.99,6277.19,705.66,7616.42,6345.75,6704.51,2527.99,2885.06,2824.07,69.72
12/29/13,4353.97,1351.41,3140.13,3720.52,5755.16,933.18,7989.06,6048.66,8261.95,2867.5,3461.5,3397.2,72.64
12/30/13,5607.88,1951.37,4128.23,2959.75,5571.11,891.5,5333.06,5633.98,5796.09,1823.06,4481.31,3399.69,75.64
12/31/13,3783.97,2319.75,3451.84,4289.4,4786.5,724.09,7968.71,7547.28,8802.96,2445.58,3807.8,2687.12,66.67
1/1/14,4489.59,2136.58,3826.48,2191.62,7987.06,1010.7,7793.78,6516.09,8293.65,2503.38,3086.65,4365.46,72.76
1/2/14,4597.1,2149.61,4283.08,2491.16,5444.62,841.97,9032.63,6153.25,6964.77,2547.2,3774.94,2429.32,68.36
1/3/14,3153.28,1360.75,4194.22,3110.32,5015.19,832.3,6480.8,5069.46,9669.61,3122.22,3508.8,4205.68,68.43
1/4/14,6256.85,1615.96,5185.89,3022.48,7408.25,819.15,7211.71,5523.95,7594.37,1945.32,3938.79,4052.18,73.32
1/5/14,4166.66,2044.19,4235.09,3852.03,6684.84,810.27,6900.79,5917.83,7545.63,3467.49,4132.02,3348.99,69.4
1/6/14,4489.08,1709.67,4511.22,2840.79,6797.91,1108.84,5899.05,6204.39,5908.64,2787.78,1978.26,3730.86,68.93
1/7/14,4675.89,1729.7,4636.21,3516.67,4122.64,872.65,8583.75,6561,6502.49,1985.67,4218.66,3790.57,74.73
1/8/14,3792.96,1547.09,4608.75,3559.01,5875.93,1010.88,6842.83,6909.83,8002.7,2471.39,3896.59,4040.76,68.89
1/9/14,4638.54,1873.66,3814.61,3013.52,5988.51,1039.16,7153.98,5384.84,4403.09,2318.73,3833.38,3796.07,75.94
1/10/14,4711.22,2282.37,3026.62,2738.37,4450.54,756.09,9119.73,6062.84,6651.21,2941.7,3163.93,3107.24,69.79
1/11/14,4343.08,1942.2,3405.43,3153.61,5400.52,948.99,5771.94,5817.49,8102.25,2808.82,2496.33,4419.7,66.18
1/12/14,5026.41,2044.96,5037.52,2602.34,5171.63,889.86,7815.58,5208.37,6558.73,1751.08,4311.83,4002.07,68.19
1/13/14,4387.3,1762.12,4127.23,3264.44,5798.6,840.14,7252.51,5728.51,9036.04,3045.8,4265.95,3985.27,67.38
1/14/14,5350.57,2080.5,4154.35,2586.08,5919.04,698.46,6611.72,5367.69,3519.01,2858.59,3532.59,3717.5,74.21
1/15/14,4506.1,1870.79,3891.96,3476.75,4766.59,730.08,9091.37,6138.01,7601.4,2901.81,3772.32,3699.8,73.12
1/16/14,4881.35,2202.25,3897.69,3326.17,7540.91,964.01,6750.16,5899.65,7111.97,2724.11,2961.65,4989.21,68.72
1/17/14,3718.36,2544.19,4125.26,2800.79,6690.36,867.06,6317.05,5461.08,6977.7,2998.86,4039.15,2658.8,63.71
1/18/14,3390.84,1327.26,3563.72,2925.04,5539.59,904.81,8657.16,5130.26,8753.74,2257.47,3564.07,4025.38,66.57
1/19/14,4405.56,2036.54,4982.83,2950.09,5581.69,879.02,6690.7,4937.29,6566.72,2238.24,3528.7,3815.56,74.18
1/20/14,4398.83,2072.33,3882.7,3315.94,5838.53,930.63,9673.39,6305.1,7972.17,2982.79,3394.13,2788.86,66.85
1/21/14,5367.1,1882.21,3716.03,2698.31,6322.64,1107.74,6198.35,7156.61,6615.73,2106.56,3374.04,3709.99,75.17
1/22/14,5149.11,1972.81,4005.08,2542.92,6164.6,613.7,6712.73,5288.43,6845.28,3133.68,3411.7,3262.59,72.49
1/23/14,4153.84,1805.77,3468.75,3672.42,6414.87,857.5,6101.31,5410.05,7625.39,2791.53,3568.58,3365.07,67.55
1/24/14,4591.66,2263.27,5798.05,3714.95,6155.02,1018.15,6990.22,4607,7717.53,2286.86,4146.85,3612.96,70.41
1/25/14,3151.17,2300.21,3599.13,2898.19,6548.26,771.96,8875.79,5252.57,8280.73,2723.46,3647.91,3373.24,66.02
1/26/14,5241.91,1991.16,4503.47,3200.88,6332.28,927.68,6333.95,6371.23,6330.83,1923.3,3228.43,4161.55,73.12
1/27/14,5409.51,1697.32,4551.13,2984.38,6194.67,683.01,8219.41,3980.62,7109.91,2954.38,3294.92,3343.81,70.15
1/28/14,4532.6,2065,3644.74,3030.98,6921.71,907.58,8291.7,6303.69,7661.38,2071.37,2931.3,3572.42,74.46
1/29/14,3546.75,2375.58,4002.59,3381.95,5389.9,906.56,8286.98,5059.63,8001.4,2303.14,3285.07,3403.99,66.9
1/30/14,4914.84,2329.33,4978.6,3428.48,5258.73,1015.11,11076.24,6313.39,4563.38,2774.08,3691.88,3262.77,76.27
1/31/14,5621.85,2044.64,4553.07,2895.96,5936.19,836.95,7339.16,4607.46,6812.52,2740.42,3508.93,4215.51,73.83
2/1/14,4909.69,2049.02,4388.87,3067.61,5746.3,740.36,7317.64,5537.34,7278.41,2932.21,3728.52,3615.07,70.41
2/2/14,4791.99,2013.7,4582.7,3346.77,6294.71,734.19,6329.25,6946.82,7906.26,2933.67,3075.98,3137.12,73.09
2/3/14,4654.72,1973.87,3887.3,2034.45,5705.6,973.5,7313.39,6159.56,6087.94,2415.9,4141.9,3121.24,67.46
2/4/14,4095.07,2129.14,4272.62,3818.52,5489.68,876.38,7994.75,5716.98,7652.03,3005.9,2771.91,4203.61,67.59
2/5/14,3380.29,2364.58,4288.4,3110.08,5730.03,792.44,6567.1,6458.83,7553.83,1694.82,3755.76,3214.97,64.49
2/6/14,4321.67,1770.91,4594.71,2922.03,6776.95,937.78,6871.82,6006.14,5699.5,2671.21,3255.04,2514.33,69.51
2/7/14,2861.49,1721.93,3918.24,2761.56,6691.05,896.55,8728.27,6379.01,8765.56,2610.99,3730.69,3783.55,63.85
2/8/14,4928.84,2188.83,5301.32,2638.13,6740.17,910.06,7013.13,4942.16,7949.84,2639.94,4174.1,3659.69,70.74
2/9/14,4737.16,2381.15,3042.45,3616.97,7114.3,738.41,8088.94,6863.91,8116.11,2879.47,2287.58,3481.54,70.97
2/10/14,3720.97,1725.57,3514.82,3142.6,6125.9,972.97,7377.53,6608.28,7484.59,2738.28,3833.96,3264.59,67.14
2/11/14,4011.81,2361.09,4399.19,3421.61,7268.93,933.73,8432.55,5102.72,6692.26,2531.2,3999.39,3312.98,73.01
2/12/14,4531.98,2030.94,4055.23,3624.66,6071.09,979.91,8624.68,6498.42,8495.73,3144.34,2723.35,4430.68,70.39
2/13/14,5075.86,1961.6,4541.74,2216.14,5926.46,868.87,6796.68,6481.39,8820.18,2689.14,3604.38,3695.01,68.02
2/14/14,4665.59,1702.06,4106.92,3154.98,5478.2,664.53,7891.1,4538.4,7243.52,2514.53,2776.72,3672.22,68.86
2/15/14,4778.52,2510.32,4608.19,2482.09,5778.96,914.09,6890.76,6232.11,6910.7,2260.13,3706.73,3603.12,70.37
2/16/14,4111.4,1638.73,3544.01,3251.46,5171.63,811.04,6586.36,3960.49,6679.16,2503.54,3105.7,3493.62,68.82
2/17/14,4606.39,1497.32,4019.95,3546.49,6436.13,1104.63,7844.68,5629.97,9735.72,2859.59,3798.52,2912.61,69.58
2/18/14,4284.74,2172.75,5176.68,3214.09,6547.66,911.46,6072.11,6211.7,7725.63,2267.95,2973.73,3787.38,70.55
2/19/14,5213.49,2055.59,4582.32,2665.24,4254.32,947.91,10438.23,6482.53,7631.41,3555.66,3643.92,3797.41,69.66
2/20/14,5320.93,1971.1,4159.52,2683.71,5623.25,881.44,7020.23,6659.38,7450.97,2767.8,2647.41,3593.32,75.21
2/21/14,4913.36,1673.27,4444.55,2833.15,5910.39,1017.12,7978.52,6788.64,6214.81,2634.1,4336,4258.88,73.25
2/22/14,4491.95,2000.97,3516.48,2982.53,5976.59,708.6,7550.9,6174.81,6450.61,2707.15,3613.79,3780.09,67.12
2/23/14,4256.67,2296.13,4213.69,3238.37,6554.3,1147.15,6877.75,4913.26,6053.82,2487.82,3629.23,3762.83,67.4
2/24/14,4952.3,2050.98,2966.49,3378.49,4673.22,845.07,8678.6,6224.25,7906.3,2600.04,3770.7,3703.9,76.53
2/25/14,3874.93,2158.7,4598.41,2555.73,5190.27,874.7,7481.37,5439.45,6943.98,2500.21,3374.22,3979.62,66.43
2/26/14,4530.43,2250.32,3028.15,2637.3,5244.28,774.13,7303.88,5294.77,6172.81,2416.88,3845.48,3197.96,66.23
2/27/14,3109.58,1923.76,4342.58,2797.03,6811.69,928.34,6742.68,7801.24,7319.59,2307.73,3543.14,3959.79,68.99
2/28/14,4593.41,2091.7,4457.16,3416.27,5593.67,904.37,5648.53,5692.94,6739,2546.64,4044.61,4194.64,73.52
3/1/14,4684.02,2008.04,4059.84,3271.01,4907.91,544.62,8920.14,6291.87,7581.92,2066.83,4330.14,3513.92,75.57
3/2/14,5294.43,1666.82,4546.02,3559.87,5998.86,1022.94,5686.97,4981.99,8128.53,2904.27,3232.18,4205.39,77.99
3/3/14,3998.81,2018.58,4632.97,3152.15,5933.87,603.11,8438.38,5328.25,6324.7,2119.16,3980.48,3632.67,66.9
3/4/14,4773.55,1474.99,3130.59,2539.67,5270.73,888.65,7287.44,6921.08,9118.26,2461.17,3237.32,3866.82,68.42
3/5/14,4138.11,2214.23,4153.41,3427.89,6056.89,1153.07,6290.17,6688.24,7243.21,2439.33,4017.01,4277.65,66.21
3/6/14,4577.74,1638.82,4040.49,2542.08,7016.19,838.16,6416.71,6867.35,7102.08,2152.24,3646.74,2685.52,74.36
3/7/14,4373.28,1989.35,3651.7,2705.67,5626.12,898.96,5053.64,5902.26,8025.05,3359.1,3748.42,3108.01,69.67
3/8/14,5223,2131.4,4464.01,3425.64,6676.89,860.53,8122.87,5255.42,7558.91,2710.98,3678.92,3183.4,70.77
3/9/14,4926.3,1982.77,3842.54,2637.42,7023.48,897.42,8319.82,6734.32,9960.22,2804.79,4069.22,3305.42,70.26
3/10/14,5645.25,2177.29,5056.39,2535.97,5375.41,1026.27,7222.22,4367.77,7257.58,2304.2,4721.93,4656.04,71.8
3/11/14,3679.85,1886,3462.04,2476.45,4171.14,1089.7,8554.86,6435.4,6713.1,2824.35,3305.81,2849.84,69.64
3/12/14,4409.81,2476.51,4590.89,2840.51,6071.74,829.41,7138.27,6532.35,8930.02,2168.34,2815.98,4024.06,69.2
3/13/14,4874.63,2063.81,4181.55,3369.31,6377.14,657.22,5924.83,3727.2,7356.9,2984.07,4277.06,3549.73,74.19
3/14/14,3853.16,2067.98,2993.55,3187.03,5514.08,762.26,7642.04,7180.62,5580.69,2950.78,3609.54,4109.23,71.35
3/15/14,5735.25,2219.95,4921.52,2173.59,5362.62,1028.25,6249.24,5560.68,8876.37,1905.74,3611.47,3941.07,74.87
3/16/14,4718.47,2303.51,4299.76,3153.04,6738.39,799.52,6277.78,6489.82,8115.22,2801.79,2567.12,2678.31,67.37
3/17/14,4627.24,1549.95,4478.55,3080.16,6830.06,838.88,7801.24,6538.94,9371.84,2739.63,2840.61,2982.18,75.77
3/18/14,4823.82,2424.57,3585.76,3533.85,6335.15,896.55,8331.78,4871.96,7223.72,2645.58,3844.39,3508.3,68.76
3/19/14,3848.09,2046.16,3451.33,3225.54,6904.86,993.34,7566.99,6383.86,8231.75,3165.78,4322.26,3843.44,68.53
3/20/14,4793.25,2096.54,4649.76,3373.46,6394.97,1068.63,7093.76,5611.62,8919.4,2875.96,3427.59,2648.52,67.83
3/21/14,4985.18,2222.85,4180.78,2987.37,7119.53,841.97,8403.1,5792.01,8370.83,2594.3,4107.13,3888.18,73.01
3/22/14,4990.43,1618.01,4345.89,3305.74,6801.74,1111.86,5884.31,5871.63,7762.34,2815.61,3244.55,3785.97,70.97
3/23/14,5961.46,2358.86,3637.68,2758.85,5218.33,770.58,6919.17,5723.28,6414.67,1833.54,3458.06,3019.07,72.59
3/24/14,4944.1,1574.39,3669.68,3127,5359.93,927.69,6652.93,5819.59,7888.12,2887.59,4711.71,2756.32,77.24
3/25/14,4484.1,2052.74,4104.84,3002.16,7237.23,565.35,7083.2,6687.55,6990.94,2464.78,3771.93,4242.99,75.19
3/26/14,4501.09,1789.17,3556.56,2843.33,4758.88,583.32,9103.71,6263.78,9188.01,2907.49,3176.18,3979.41,75.46
3/27/14,5165.77,1551.74,4219.4,3771.83,6775.69,792,6963.21,5928.08,5970.04,2547.23,3939.37,4863.4,69.2
3/28/14,5479.74,2163.71,4215.57,2888.4,5992.81,927.94,6826.7,5153.85,7307.08,2214.95,3779.17,2752.58,77.1
3/29/14,4160.9,1777.81,3834.16,3184.8,6318.87,865.75,8024.91,6204.02,8258.44,2628.46,2894.08,3772.36,71.87
3/30/14,6248.99,1911.81,4490.93,3174.31,4668.4,998.06,8220.1,6160.69,7839.84,2336.36,4236.94,3425.65,74.29
3/31/14,4861.67,1644.05,3167.4,2972.44,5544.52,656.05,7581.11,5717.31,7261.39,2915.53,3265.06,3652.72,72.86
4/1/14,5115.76,1868.03,3860.36,2520.23,6343.18,953.68,7813.31,6517.32,7162.61,2894.12,3464.95,4213.94,76.74
4/2/14,4802.13,1966.4,5120.74,3104.89,6861.89,795.06,8145.38,6052.84,6846.42,2343.99,3241.75,3055.74,69.4
4/3/14,4038.99,2011.8,3569.92,3351.37,6213.55,894.07,7901.42,6976.06,7825.46,2651.74,3113.11,3589.22,73.53
4/4/14,5751.61,1769.58,3490,3573.17,6729.52,802.75,7178.23,6229.4,6938.49,2531.59,2969.03,3266.9,76.52
4/5/14,5657.27,2398.91,4735.96,2746.82,4875.6,875.99,8373.82,6865.2,6077.44,2207.47,4250.98,4049.23,70.31
4/6/14,4564.11,1652.18,4864.69,2817.09,6061.9,804.92,7306.21,5957.97,7144.68,2213.23,2779.38,3362.53,70.23
4/7/14,3754.23,2341,4701.15,2299.32,6879.77,919.58,8119.12,6085.2,7437.1,2807.98,3927.71,2612.03,68.56
4/8/14,3949.77,1753.7,3360.13,3209.73,5762.82,746.41,6657.9,7461.38,6417.82,3049.25,3555.2,3581.89,71.48
4/9/14,5431.05,2527.44,5101.51,2719.79,6858.29,888.62,8463.8,4861.29,6671.3,2895.86,3335.45,3501.29,71.4
4/10/14,4200.77,1933.08,4180.59,2897.17,5589.44,886.08,8031.15,7018.63,8480.2,2322.29,3534.32,2904.14,68.64
4/11/14,4765.58,2342.51,3986.37,2773.33,6426.31,941.95,6810.63,6169.55,7659.47,2120.58,3550.88,3942.16,74.74
4/12/14,4078.39,1678.48,4248.74,3122.37,8021.09,900.01,6419.99,5666.42,4451.04,2808.57,3990.36,2906.02,67.89
4/13/14,4889.37,1560.66,3153.76,2784.79,6189.06,1004.85,7129.56,6328.14,7293.65,2639.13,3189.63,4449.7,71.04
4/14/14,4940.97,1623.54,4983.68,3171.82,5666.08,990.39,6712.28,6229.16,6420.3,2278.43,4121.64,3868.01,76.76
4/15/14,4464.73,2303.73,5318.38,2959.64,4942.61,740.49,7264.89,5986.44,6825.17,2710.23,3416.33,2806.4,70.93
4/16/14,4771.71,2110.64,2850.97,2898.68,6076.13,1030.74,9233.95,5718.38,8074.92,2991.74,3354.38,3579.76,71.3
4/17/14,5748.5,1977.85,4633.03,3601.95,7462.35,1095.06,7733.23,5225.19,6429.22,2709.65,3187.02,2050.4,69.74
4/18/14,4621.17,2132.69,2650.45,3188.18,7007.99,957.09,7167.42,6109.7,7079.71,2841.7,3388.12,4059.87,68.58
4/19/14,4558.96,1611.12,4256.87,3274.66,7152.92,888.25,6906.16,5070.96,8730.12,2777.42,3584.01,3426.55,73.43
4/20/14,4954.26,2085.17,3925.9,3128.89,7445.1,816.43,7601.01,6072.89,7271.21,2775.73,3655.66,3150.2,76.76
4/21/14,4375.67,2049.4,3683.92,2188.85,5218.12,936.87,8704.12,5543.89,9166.58,2715.44,3348.05,3664.74,68.04
4/22/14,4513.49,1981.06,3580.19,2722.99,5749.99,1148.59,8531.7,4900.84,6383.38,2950.92,4010.61,4336.14,67.64
4/23/14,4580.39,1783.48,3429.96,3710.36,5511.22,1067.51,7777.91,6661.41,6849.32,3050.4,3837.86,3780.58,73.09
4/24/14,4599.38,2217.44,4070.85,3425.1,6632.87,802.38,7257.94,5170.93,6179.61,2957.27,2429.42,3119.29,66.46
4/25/14,4773.12,2449.35,3753.07,3149.55,5224.45,923.96,7739.4,5886.16,7952.17,2795.04,3025.11,3705.84,68.49
4/26/14,4335.14,1649.98,4851.98,3092.04,6204.33,914.15,7345.39,4978.43,8510.55,2542.08,4005.43,3566.01,69.54
4/27/14,3408.08,2040.16,4733.77,3197.14,5445.38,783.6,8635.48,4810.78,7000.63,2748.87,4133.77,3308.84,69.67
4/28/14,5226.52,2194.72,3741.29,3093.06,6056.82,898.38,8131.67,7275.21,7210.05,2924.49,3355.2,3318.12,70.02
4/29/14,4349.52,2505.16,4459.54,3345.46,7976.63,790.91,6615.51,5545.9,8376.08,2638.24,3591.58,3645.46,68.9
4/30/14,5075.59,2195.71,4398.35,3290.51,4461.97,909.69,8352.93,6842.86,7416.81,2720.53,4226.99,3642.48,75.25
5/1/14,3759.87,1877.68,4834.63,2716.25,6778.49,1017.28,7484.05,6081.81,8166.42,2425.63,3755.72,4878.98,65.46
5/2/14,4794.52,1808.96,3901.09,3213.12,7565.51,831.07,7617.74,5283.48,6357.05,2615.45,4368.24,3258.57,72.06
5/3/14,4789.92,1376.18,4529.56,2791.53,4916.09,819.39,7553.07,5694.24,7731.82,3322.71,4236.76,4070.16,75.71
5/4/14,4650.41,2037.21,5307.31,2476.93,5677.68,829.41,8157.63,5259.39,7491.5,1619.86,5006.26,3675.01,76.07
5/5/14,4666.57,1579.28,4971.4,3381.79,6231.05,863.22,7182.42,6122.08,7133.18,3167.7,3377.34,3311.1,74.71
5/6/14,5044,1942.48,5006.2,2103.77,5272.1,800.2,8018.33,6836.17,6545.56,2479.64,2887.96,3931.85,70.54
5/7/14,3964.8,2013.66,4296.29,4094.83,7044.24,996.91,8186.75,4291.57,6929.85,3083.86,3350.72,4414.4,71.47
5/8/14,4359.69,1763.83,4310.44,4121.07,5604.87,1034.31,7281.98,6623.11,8799.22,2328.42,2945.92,3848.41,70.72
5/9/14,4563.69,1579.94,3455.38,2858.99,6483.65,1129.55,5509.46,5467.95,7663.34,2738.43,3925.44,3862.12,70.3
5/10/14,4333.82,2364.51,3708.55,3181.69,6952.38,1075.45,6203.2,5964.37,6702.52,3563.16,4068.76,3521.8,68.53
5/11/14,5317.43,1942.75,3458.77,2207.74,5863.79,950.05,7203.65,5772.86,8522.48,3019.92,4372.53,3417.18,70.62
5/12/14,4188.2,2123.78,4148.01,3153.33,6672.96,938.84,6436.31,5672.41,5827.91,2592.01,4084.74,4459.81,69.13
5/13/14,4963.55,2163.33,4125.86,3028.38,5139.36,1034.37,8221.61,6069.72,8310.79,3211.19,3665.56,3388.46,71.28
5/14/14,4929.1,1626.46,3463.11,2892.79,6149.65,895.08,4816.46,5609.06,7969.11,2997.78,3916.84,4428.96,77.06
5/15/14,4728.55,1969.84,4513.09,3493.6,6137.24,838.62,9612.96,6392.45,8021.19,2529.67,4362.56,2941.72,73.94
5/16/14,5188.53,1458.89,4643.96,2590.66,5635.25,662.37,7706.13,5595.92,8347.93,2949.02,3172.67,3446.09,75.69
5/17/14,4758.15,2041.76,4508.65,3455.31,6067.2,856.4,6544.11,6562.22,6404.66,2870.73,3388.64,3324.66,73.6
5/18/14,4173.31,2341.71,3957.19,3417.21,5847.14,1003.49,8734.82,5969.64,9256.86,2821.19,3820.33,2811.58,66.94
5/19/14,4156.47,1928.8,4647.79,2601.99,7221.99,1066.36,7487.94,6626.61,8898.17,2098.65,3353.36,2378.46,64.96
5/20/14,4814.36,2359.33,4828.74,3256.23,5781.65,935.55,7109.19,5795.8,6930.51,2326.12,3695.74,3598.22,72.65
5/21/14,6536.31,1953.76,4550.99,2939.7,7536.59,757.3,7406.37,5799.88,6282.81,3029.74,3109.67,3379.53,78.13
5/22/14,6336.27,2271.65,4583.42,2359.92,6522.07,703.49,8449.45,6181.88,6741.75,2910.37,3663.69,4109.41,71.63
5/23/14,5391.6,2151.45,4392.97,3412.15,6278.69,1064.98,7444.44,5835.95,8083.87,2962.38,3851.37,3897.42,73.43
5/24/14,8291.36,1886.59,5064.32,3400.91,5998.39,959.28,6519.97,5021.46,8204.25,1931.53,3982.82,3774.56,78.7
5/25/14,8293.29,1852.48,4666.65,2713.9,5995.51,907.34,7193.25,6274.31,7965.39,2330.79,4064.76,3474.59,82.84
5/26/14,8375.19,2076.77,3815.6,2846.62,5457.82,776.28,8977.38,5147.5,7588.1,2323.15,3101.2,3440.03,76.74
5/27/14,7094.17,1685.59,4884.22,3490.66,5493.55,995.9,7790.44,6129.41,6826.13,2162.84,2997.55,3630.81,75.41
5/28/14,4514.61,1888.2,4089.55,3838.25,5669.94,831.48,9067.15,4866.32,7550.98,2923.08,3293.35,3736.1,72.4
5/29/14,6418.87,2273.56,3908.83,3056.85,8280.46,821.26,5592.59,6952.59,9628.75,2617.68,3752.16,4164.18,71.73
5/30/14,5098.87,2203.71,3468.07,3324.26,5411.03,754.18,7418.22,6683.48,7845.7,2842.03,3767.97,3048.86,77.43
5/31/14,3902.27,2047.36,3708.99,3506.53,4502.11,775.38,8735.77,6385.72,7299.14,2418.81,2307.27,2928.89,69.98
6/1/14,5141.9,2256.47,4103.39,3514,5872.69,584.03,8551.58,6082.88,7514.24,2520.33,4014.89,3593.68,76.78
6/2/14,4404.63,1923.59,3361.11,4093.96,6761.86,916.1,6939.03,7255.46,7656.84,2268.65,4238.4,3822.24,67.99
6/3/14,5178.97,2320.09,3124.87,2742.04,6046.48,909.21,5037.41,6930.34,5938.98,2369.15,3878.51,3879.27,71.15
6/4/14,3302.55,2544.93,4063.79,3493.2,6997.6,959.61,8545.91,6586.54,6616.51,2175.32,4092.54,2923.8,63.08
6/5/14,5599.6,1804.1,3871.48,3635.26,6228.94,764.38,9090.12,6831.01,8510.94,2235.76,2833.16,3789.29,78.11
6/6/14,4410.6,2201.65,4525.34,3733.67,7110.31,1013.78,7702.1,5190.23,7207.83,2444.62,3640.61,2692.65,72.67
6/7/14,4690.31,1955.33,3309.61,2582.55,4854.16,846.6,9086.4,6355.32,5951.85,2852.74,3576.16,2932.93,68.41
6/8/14,5745.74,2233.64,4386.9,2979.36,6909.58,965.61,8074.1,6777.91,8390.07,2111.91,4160.3,3640.32,78.18
6/9/14,4694.99,2037.15,3604.36,3107.06,5007.47,791.02,8150.01,5660.65,7448,2667.04,4080.76,3560.39,68.03
6/10/14,4326.77,1260.03,3430.44,3440.68,6102.23,942.06,6974.53,7032.68,6830.37,2688.5,3465.95,4122.72,71.02
6/11/14,5420.3,2455.16,4691.34,2948.08,7288.99,724.67,6523.45,6131.82,6550.44,2718.16,4193.7,4366.39,70.42
6/12/14,4670.81,1826.54,3969.36,2383.56,5387.67,943.51,8313.95,5676.84,5948.18,2464.19,3918.43,3019.81,72.38
6/13/14,4507.12,1667.45,4561.1,3540.68,4246.14,882.22,7792.41,6204.12,7255.29,3076.12,3377.2,3903.36,69.62
6/14/14,4481.19,1751.64,4566.51,4167.14,6927.78,759.44,6653.44,6833.27,7853.66,3292.14,4010.8,3570.93,66.2
6/15/14,4694.55,1932.94,2998.8,2983.72,6028.78,955.55,9258.6,5888.95,7601.4,2400.29,3132.31,3955.33,71.56
6/16/14,4840.2,2165.6,4348.04,3326.6,6253.15,854.05,8953.27,5939.99,7539.46,3133.55,4217.85,4505.21,73.23
6/17/14,3123.47,2292.88,3889.5,3165.47,5595.07,805.93,7530.08,5391.57,6903.21,2270.18,3587.13,3921.06,65.96
6/18/14,4182.99,2720.76,4076.2,3102.23,7044.86,841.24,7172.17,5849.45,7739.27,2777.98,3560.56,3524.88,66.24
6/19/14,5685.69,2480.66,3275.44,3117.87,6364.03,789.7,7334.19,5772.31,9264.84,2557.13,3743.65,4101.23,72.59
6/20/14,5211.09,1772.81,4369.3,3134,6946.24,1002.85,7093.66,5399.16,7872.83,2012.7,3114.23,4170.5,72.62
6/21/14,4863.62,2104.31,4361.13,2314.12,5540.03,973.98,8425.14,5938.54,4752.26,2962.87,3732.1,3912.88,68.96
6/22/14,3895.53,2034.52,3853.93,3488.42,6462.5,869.32,7243.06,4893,6976.49,2080.76,4485.9,3504.45,68.41
6/23/14,4233.25,2388.56,4087.36,2632.57,7013.05,832.95,7625.5,7459.71,8036.56,2669.49,2725.11,4138.63,68
6/24/14,4896.02,1692.36,4700.95,2976.99,6333.7,633.48,7749.2,6084.79,7155.15,2824.07,3903.53,3134.19,68.4
6/25/14,5560.44,1645.78,4332.62,2242.56,7423.87,792.01,7558.78,5471.35,5871.71,2663.24,3065.64,4003.47,75.53
6/26/14,4887.54,2118.51,4479.58,2950.24,4698.28,671.05,7760.19,5321.52,6368.77,2279.17,4331.57,3690.78,71.84
6/27/14,4762.07,2194.16,3970.76,2572.87,6066.19,852.57,7885.08,5259.79,7779.81,2800.4,3844.17,4334.58,69.88
6/28/14,5451.16,1794.27,3577.12,2253.35,5659.83,1033.47,5776.57,5724.31,7171.15,2692.27,3402.05,3216.98,73.04
6/29/14,6153.21,2120.14,4837.34,2735.58,5312,680.97,8367.28,6187.13,8329.81,2340.42,4187.49,2599.85,78.61
6/30/14,5636.28,2094.1,4446.4,3438.75,5698.17,827.56,7735.56,5754.78,8175.74,3026.38,2933.67,4002.53,75.14
7/1/14,6638.45,2301.88,3165.25,2702.56,5620.99,757,8150.34,6290.43,4389.76,2505.37,4559.9,4259.61,73.53
7/2/14,5747.7,1963.33,3268.36,3545.24,4846.37,942.6,8375.06,6017.75,7918.44,2608.69,3563,4010.82,80.15
7/3/14,5752.3,2034.12,5170.77,2610.67,6015.82,802.4,5915.91,5207.8,7337.8,3098.48,4529.75,3844.5,70.57
7/4/14,6004.39,2144.27,4375.28,2865.25,4905.32,653.26,7616.73,6603.78,8502.13,2928.33,3447.72,3005.29,77.29
7/5/14,5623.15,1860.85,4378.9,2545.26,5677.68,1009.19,8948.38,5585.93,8306.33,2858.69,3559.12,4015.36,74.41
7/6/14,6519.72,2106.05,5582.51,2682.61,5658.01,1020.25,7885.67,6240.26,7140.25,2234.28,3682.28,3901.15,79.07
7/7/14,5866.99,1749.3,2960.38,3254.66,4092.09,844.39,6752.93,6029.76,7586.95,2190.26,2759.3,3078.75,72.94
7/8/14,6685.4,1981.55,4357.42,3203.22,5661.41,726.15,7204.43,4888.21,7594.32,3208.23,3649.69,3836.3,72.88
7/9/14,5754.71,1763.34,3748.49,3624.41,7132.35,945.77,8426.45,6076.95,7470.83,2663.9,3673.21,3265.7,71.31
7/10/14,5164.53,1790.88,4539.07,3853.05,4832.81,1155.94,7667.01,6204.87,7067.7,2199.01,3945.13,3811.08,71.67
7/11/14,5117.24,2375.6,4019.16,2652.19,7293.67,832.31,7095.64,6640.38,7688.03,2247.81,4318.51,3007.39,74.23
7/12/14,4607.72,2086.99,3780.07,2854.99,5623.29,712.98,7538.01,6321.7,9069.2,2891.55,3969.6,3685.91,75.49
7/13/14,5095.01,1876.11,3664.69,2806.56,6647.62,966.54,4854.4,6445.92,7130.81,3065.92,3852.72,4364.5,76.73
7/14/14,4633.17,2367.46,4885.42,2831.74,7145.82,600.98,8335.87,6583.37,7298.74,2704.29,3823.74,3013.33,66.54
7/15/14,4472.27,2109.01,4612.65,3243.41,5700.97,870.27,7299.58,6582.28,7036.95,2645.34,3741.06,3651.48,74.47
7/16/14,4487.26,2034.14,4524.04,2763.6,6093.27,751.28,6941.78,3840.37,6456.51,2578.85,3137.88,3164.72,67.74
7/17/14,4761.8,2107.4,3144.58,2921.26,5557.4,926.51,9074.63,7717.86,5597.94,2787.09,3683.17,4217.03,75.19
7/18/14,5476.95,1834.68,4344.94,2844.31,5906.43,922.15,6613.74,4755.26,8494.89,2657.28,2896.09,4120.4,72.44
7/19/14,4588.68,1483.13,4087.16,3574.1,5862,733.64,7132.37,6145.84,7307.43,2216.72,3334.6,3097.41,75.54
7/20/14,3264.61,1386.07,3707.71,2635.89,6171.87,944.2,7305.48,6091.68,6878.11,1894.21,3767.1,3771.87,67
7/21/14,4779.27,1882,4507.82,3012.54,6336.87,821.18,8356.89,4676.98,8184.62,2951.28,3595.06,4320.85,67.49
7/22/14,3691.18,2048.09,4404.96,2388.83,5823.39,840.04,6644.79,6516.32,7491.54,2309.04,3650.57,3751.68,66.14
7/23/14,5171.62,2015.1,4218.45,2808,7186.82,705.17,7306.44,6762.23,7031.81,2808.52,2578.83,4006.84,68.48
7/24/14,4358.22,2206.83,4210.13,3394.04,5662.49,789.74,6431.69,6496.6,7966.41,2722.86,3647.1,3165.23,65.71
7/25/14,5652.8,1949.29,3670.8,3641.24,6793.5,840.52,8792.47,5338.14,6886.63,2781.01,3287.95,4091.85,77.52
7/26/14,4394.88,1545.6,3813.8,3368.98,4849.61,869.54,8586.2,5293.42,5850.66,2735.81,3606.67,3856.53,75.19
7/27/14,4450.73,1680.78,4717.09,3130.69,5542.35,973.73,6948.95,6948.06,5579.64,3226.81,2805.23,2595.82,73.44
7/28/14,4816.83,2478.48,3949.43,2421.13,7051.59,800.42,6632.01,5838.05,8649.9,2848.13,2762.95,3483.89,67.36
7/29/14,5141.3,2404.63,3687.1,3216.53,5367.59,1019.9,6929.06,5335.69,7781.82,2782.79,3417,2597.09,68.31
7/30/14,5270.78,1957.94,4152.67,2877.98,5135.27,859.45,8624.84,6416.92,7786.33,2817.09,3229.56,3900.16,72.27
7/31/14,5230.01,2225.64,3737.19,3076.5,4837.65,810.75,8080.92,4862.42,7865.59,2822.23,2313.22,3699.2,71.56
8/1/14,3742.14,1830.05,3378.08,2880.83,5659.94,847.99,7795.93,5161.62,7272.33,2095.32,3509.76,2497.42,68.74
8/2/14,4157.83,2468.97,4244.02,2348.53,5360.26,858.92,7846.94,5520.17,5418.65,3148.57,4407.77,4525.79,69.63
8/3/14,4524.22,1960.4,4809.98,2552.31,7845.29,719.34,6658.66,5720.41,6641.61,1661.9,3168.1,3437.39,66.73
8/4/14,4053.56,1812.9,4067.41,2848,4285.29,1013.88,7512.57,6594.54,6902.64,2746.35,4048.53,3861.88,71.75
8/5/14,3778.4,1466.58,4495.12,3247.07,6435.05,1060.87,6729.59,4848.91,7809.22,2316.88,3752.24,2727.5,69.9
8/6/14,3056.67,1893.42,3972.96,3193.91,6176.89,901.96,7164.62,4338.16,6595.37,2988.81,3807.98,3863.37,67.58
8/7/14,5609.08,1759.15,3610.03,2582.15,5574.64,1101.49,6528.78,6658.31,7522.73,2598.56,3116.73,3949.46,75.79
8/8/14,3916.57,2005.46,4339.09,3783.36,6801.29,716.86,8855.48,6083.47,8136.14,2127.95,3416.4,4180.44,68.57
8/9/14,4599.18,1475.89,4667.49,2625.09,7371.78,778,7004.17,5081.14,6971.54,3082.36,3869.02,2943.03,67.73
8/10/14,4283.69,2149.04,4633.14,3003.65,7095.94,961.25,7986.72,5755.41,8325.98,2285.97,3501.68,3199.14,67.54
8/11/14,5085.94,1979.18,5295.13,3281.2,4940.05,895.17,8587.41,5801.8,7853.37,2725.31,3747.56,3402.54,70.46
8/12/14,5545.75,1656.08,4962.4,2489.37,6518.78,715.76,8066.77,5309.69,6680.13,2442.55,3804.72,3578.37,79.49
8/13/14,5185.72,2217.44,3204.71,3300.56,6624.2,805.33,7548.2,7827.29,7315.76,3015.1,2805.47,2936.03,72.93
8/14/14,4659.02,2229.09,4000.56,2665.74,5993.29,1011.08,6682.95,6116.36,6037.72,3091.07,3856.97,4042.97,66.81
8/15/14,4918.81,1945.19,3165.74,3273.45,6273.43,927.98,6125.25,6123.73,7759.4,2656.39,3516.34,4089.01,69.87
8/16/14,4451.67,1743.98,3660.93,3216.3,5994.31,954.96,7426.6,6132.99,7645.52,1798.92,3152.8,4088.61,69.87
8/17/14,4402.78,1958.12,3894.41,2370.09,6066.23,802.27,8108.7,6613.33,5137.65,2901.75,2607.75,3117.73,73.06
8/18/14,4079.77,2061.66,4382.04,2681.88,6534.83,958.73,8960.24,6556.53,6804.77,2544.89,3284.02,3473.12,66.16
8/19/14,4723.04,1926.29,4291.42,3646.7,7305.32,862.98,10349.73,5726.49,5858.33,3037.02,3283.09,3323.47,71.32
8/20/14,3342.96,1959.83,4228.87,2950.71,6074.04,785.23,8224.82,4862.2,6881.66,2562.41,3329.08,4405.54,63.65
8/21/14,3963.8,2417.58,3224.14,3726.42,6251.54,1017.5,7393.09,6311.55,7590.55,2630.95,3936.21,3020.2,65.64
8/22/14,5019.98,2074.3,5309.25,2707.79,5496.01,860.92,7775.46,6452.03,6346.65,2578.75,3815.63,3650.36,74.3
8/23/14,4834.93,2039.19,5223.91,3133.39,6388.48,967.3,7345.21,4171.94,6455.76,3061,3476.54,3071.64,67.97
8/24/14,4151.47,2027.31,3303.36,3612.83,6511.47,659.41,9385.95,6097.39,6754.44,2935.38,3761.89,3208.16,65.27
8/25/14,3929.95,2152.65,3827.02,3518.43,8501.67,810.83,7103.64,4909.52,7419.88,2235.39,3323.9,3165.91,63.72
8/26/14,5598.61,1826.69,3697.44,3830.45,5010.96,1091.9,9158.85,6504.13,9192.37,2631.61,3484.04,4303.45,71.53
8/27/14,5346.91,2030.22,4124.61,3267.43,4873.98,818.45,8011.12,6489.52,8186.93,2678.63,4029.78,3353.61,73.64
8/28/14,5718.54,2230.73,4996.19,3049.53,6500.99,976.96,6608.49,6019.65,9149.45,2518.04,2853.25,3348.11,70.96
8/29/14,6545.35,1736.61,3047.28,3066.13,5597.26,928.87,6163.1,6350.04,7660.49,2525.38,3533.87,3911.66,78.18
8/30/14,7048.01,1753.22,3263.11,2426,6570.09,1045.8,7778.25,6606.62,7463.07,2584.99,2246.02,4275.87,83.66
8/31/14,8344.72,1998.54,3838.04,3376.39,5011.35,1050.26,6752.68,6099.19,6820.97,3239.72,3986.65,3570.05,86.94
9/1/14,8544.67,1387.2,5380.18,3172.85,4643.8,875.35,8064,5326.55,8386.26,2054.97,3853.79,3205.59,77.48
9/2/14,7204.76,2422.05,4707.47,2902.22,6789.48,905.36,7610.58,5355.89,7203.9,2484.02,3598.96,2911.71,81.38
9/3/14,5222.26,1784.13,4247.9,3979.66,6224.59,737.51,7838.5,4937.54,7402.61,2504.4,3076.35,3909.87,72.98
9/4/14,4767.76,2222.1,3723.88,2997.99,6699.25,940.82,6286.13,4513.33,8668.78,2670.2,3286.32,4273.69,71.24
9/5/14,4608.86,2145.17,3825.24,2593.55,5992.88,879.6,5136.08,5819.34,7661.98,2614.09,3323.12,3599.06,66.61
9/6/14,3416.98,1943.9,3609.75,2471.28,6312.68,879.16,9766.59,6961.59,6250.5,3253.09,3453.62,3233.2,65.49
9/7/14,4380.69,1907.36,3583.7,3153.89,6671.35,968.3,6354.39,7257.06,4872.09,2206.11,3277.3,3742.78,74.68
9/8/14,5637.4,1602.36,4065.79,3324.15,4824.8,977.22,7433.21,7036.49,6099.74,2033.7,3040.08,3402.07,76.35
9/9/14,5741.19,1859.02,3550.31,3151.62,7107.97,809.1,6862.14,6910.56,7347.87,1857.02,3881.91,4157.24,74.4
9/10/14,4868.65,1820.1,4061.9,2838.04,5456.57,1029.6,6517.87,6814.9,6292.81,2626.56,4201.26,3853.15,72.57
9/11/14,5312.84,2495.66,4466.11,2002.07,7976.98,788.26,8731.41,5324.49,8184.9,2694.33,3344.36,3410.41,75.81
9/12/14,4376.93,2226.47,4086.94,2765.02,5598.35,789.93,9344.88,5711.85,8069.84,3512.67,2413.26,3279.54,70.69
9/13/14,3419.78,2117.01,4515.83,3095.71,5373.58,765.25,9508.92,4397.04,7192.73,2508.43,3327.78,4119.45,68.32
9/14/14,4263.83,2354.98,3817.49,2552.33,6017.46,810.23,8889.6,6313.66,8351.44,2528.12,4679.27,3529.25,71.67
9/15/14,4135.67,2318.61,4279.18,3151.37,5344.29,813.01,7748.9,5542.21,7160.43,1910.71,4355.73,4422.22,69.45
9/16/14,4642.14,2050.36,5316.74,3143.72,6050.21,842.56,7861.53,6488.94,4509.83,3086.97,3891.92,3609.57,74.66
9/17/14,5627,1941.07,4753.06,3734.2,6280.88,973.18,7819.12,6258.96,6952.27,2624.93,4050.7,4069.14,76.31
9/18/14,3623.86,1978.88,3459.49,2780.25,6106.6,1083.38,5976.32,6837.89,6848.99,2212.57,3589.15,3462.04,64.72
9/19/14,5181.46,1740.99,3799.8,2969.5,5382.64,783.39,6681.95,6878.74,6853.5,2308.75,3887.73,3889.48,74.79
9/20/14,5157.63,2755.73,4000.77,3289.5,3448.01,905.84,8228.55,6830.24,8678.42,2534.38,3655.33,3850.95,71.57
9/21/14,4809.86,1964.2,3500.18,2086.92,5560.94,971.08,8394.35,6501.73,7831.82,2399.25,2893.11,3493.6,73.9
9/22/14,4291.4,2146.92,4719.93,3413.71,6776.82,942.98,7245.69,6227.3,6035.13,2942.6,3730.18,3299.94,72.57
9/23/14,4594.33,2102.34,3590.86,3065.49,5874.37,778.07,6690.35,5597.21,8123.24,2893.65,4020.7,3757.3,72.98
9/24/14,3591.17,2120.36,3491.33,2882.93,6975.85,715.47,9010.74,5205.13,5627.75,2810.74,2963.19,3371.5,70.77
9/25/14,5075.08,1673.68,4013.78,2760.35,4416.92,905.78,5778.88,6953.41,6829.13,2525.2,3847.23,3172.33,77.29
9/26/14,3827,2134.98,3622.23,2208.03,5683.88,871.32,7565.98,5949.61,5796.93,2408.67,3884.82,3195.84,69.19
9/27/14,4796.79,2180.08,4149.99,2896.43,5012.75,964.89,7193.57,7282.16,7326.43,2188.11,3100.02,3589.54,73.86
9/28/14,4383.28,1502,4339.42,3102.3,5625.7,787.8,8187.6,4501.72,7333.94,2687.38,4006.1,4809.62,69.78
9/29/14,4117.14,1647.52,3006.54,3076.73,6056.74,929.63,6761.98,6600.04,7184.71,2403.9,3353.33,2983.09,69.04
9/30/14,4575.28,2312.03,4836.17,2155.11,6537.64,910.34,6863.02,5537.8,7592.05,2871.98,3116.29,3271.71,75.99
10/1/14,4801.49,2240.61,3393.69,2606.14,6728.29,796.45,9708.35,5162.89,7755.75,2667.83,3698.4,3518.71,67.69
10/2/14,3654.55,1835.86,4157.69,2906.26,5843.18,976.24,8626.39,5041.59,5725.32,2365.53,2881.24,2250.97,68.18
10/3/14,4148.58,1694.53,3510.95,3128.98,6338.25,888.28,6533.89,4861.21,7437.32,2200.98,2872.89,3159.38,65.61
10/4/14,4065.54,1935.14,3750.44,3335.14,7024.29,922.49,8523.12,5506.51,7483.46,2173.66,3882.19,3755.21,70.29
10/5/14,4950.57,1910.81,4568.02,3037.34,5160.37,759.82,5106.39,6811.31,8469.67,3117.99,3289.8,2607.46,68.08
10/6/14,5406.72,2155.08,4625.21,3322.73,6419.67,759.72,7420.16,4280.4,7929.62,2743.38,3614.93,3545.95,72.58
10/7/14,3497.87,2001.6,4735.33,3238.29,6443.23,852.25,6893.91,6103.76,7431.5,2635.74,2810.36,3782.13,69.31
10/8/14,4394.88,1730.8,4104.16,2659.64,8087.51,886.53,7678.72,6351.3,7342.46,2132.3,4289,4635.18,69.4
10/9/14,4765.2,1782.75,3840.11,2607.67,5230.72,901.34,5740.88,6055.6,8071.94,1635.25,3002.96,4219.36,67.07
10/10/14,5741.34,2024.63,4319.25,3186.01,6513.08,791.82,7659.03,6631.07,9228.43,2586.84,3395.5,3737.32,74.49
10/11/14,5320.98,2126.8,5156.85,2030.36,6405.63,808.29,7044.46,6058.98,7095.42,1884.48,3769.71,3772.03,72.87
10/12/14,3288.72,1846.91,3926.37,3235.44,6716.45,803.1,8718.35,6956.77,8441.6,2751.97,3759.78,2811.69,64.97
10/13/14,3902.56,2185.57,4189.9,3064.63,6121.26,913.79,7349.67,5943.72,6890.55,2319.51,3648.5,4170.78,63.97
10/14/14,3624.46,2075.07,2650.37,2979.91,6730.01,909.09,8637.57,6647.62,8032.96,2388.22,3385.6,4030.62,63.26
10/15/14,6514.94,2410.9,4671.52,3148.68,5563.65,746.04,6719.9,6448.8,6932.86,2706.23,3736.33,4302.84,80.51
10/16/14,4335.85,2178.05,4516.9,2622.98,6665.75,745,7611.07,6674.98,8266.84,3025.83,2594.11,3024.35,70.43
10/17/14,4977.57,1869.04,4851.09,3110.69,4759.8,931.02,8604.43,4186.02,7531.73,2006.25,3633.75,3935.22,77.51
10/18/14,4557.73,2046.35,3964.25,3031.52,4797.36,803.78,8240.08,5314.85,6375.47,3144.99,3387.78,3360.33,73.54
10/19/14,4509.05,2685.87,3712.79,2762.43,6339.25,830.57,9613.66,5987.04,7412.99,2469.54,3462.97,4620.17,71.22
10/20/14,4008.88,2294.96,4924.32,3030.71,6046.85,925.72,7242.5,6480.48,6998.3,1930.24,4377.41,3278.32,66.19
10/21/14,5281.95,2124.55,3941.74,2838.81,6908.18,873.21,10196.41,7218.01,6887.58,2641.02,3914.64,2520.88,73.82
10/22/14,4181.4,1702.67,3951.33,3070.33,6726.63,942.98,8166.68,4447.84,7061.34,2691.98,3487.47,4166.64,68.77
10/23/14,4562.52,1982.7,4271.58,2561.41,5666.74,950.18,7674.2,4160.34,6583.81,2236.45,4225.33,3178.1,75.87
10/24/14,4345.99,1600.73,3775.14,3372.29,6897.35,802.35,7568.45,7383.99,7737.72,2611.8,3425.65,3048.53,67.85
10/25/14,4761.08,2316.42,4346.6,2804.15,4905.37,1084.05,8219.78,5900.58,9225.82,2881.6,3697.31,2933.01,71.1
10/26/14,3866.62,2182.88,4887.26,2862.54,4674.58,578.34,8442.65,5755.19,7426.02,2687.62,3340.8,2207.12,68.59
10/27/14,3982.79,2079.85,4573.06,2886.83,7051.75,1062.51,7770.99,5824.12,6684.18,2330.32,2093.35,3093.87,66.19
10/28/14,4441.94,2088.98,3292.04,3330.96,7571.78,931.58,7368.24,7125.77,7604.86,2494.81,3965.64,3150.89,72.28
10/29/14,5140.65,2049.19,4102.76,2805.8,4815.19,800.58,6953.08,6953.01,7723.48,2696.06,3401,2994.92,71.12
10/30/14,4024.11,1623.37,4666.06,3220.44,4483.38,787.84,7987.72,7146.64,6938.44,3000.62,3703.37,3373.97,68.14
10/31/14,4472.13,2012.71,4865.24,2927.06,5230.93,802.69,7009.03,5649.01,8232.3,2590.4,2736.01,2817.11,70.48
11/1/14,4909.07,1794.75,4443.87,3185.77,6234.98,987.25,9216.42,8189.39,8188.28,2833.2,4246.67,3723.13,71.18
11/2/14,4411.06,2318.21,4503.69,3904.06,4867.03,673.54,6554.52,6099.5,6620.65,2973.78,2892.27,3216.29,73.95
11/3/14,4771.04,1934.44,2324.9,3419.05,5675.87,953.69,5779.28,6433.44,7016.98,2250.51,3655.43,3092.38,75.36
11/4/14,4499.41,2047.19,4568.4,2520.34,7520.21,1023.16,6341.12,4401.83,8112.9,2526.97,4076.79,3537.01,68.04
11/5/14,5862.09,1802.39,4486.51,2612.99,6400.37,848.83,7531.98,7689.99,7862.61,2885.69,4186.2,2911.61,75.25
11/6/14,4411.78,1564.06,4546.47,2677.41,6152.89,755.61,9186.03,7293.74,6700.67,3339.64,4341.07,4112.06,72.74
11/7/14,4947.15,1961.21,5122.33,2761.34,5722.7,1038.99,7706.52,4257.57,6685.83,2946.96,3942.12,3713.41,73.38
11/8/14,7451.66,1673.67,4187.84,2175.73,5759.6,892.41,9804.11,6436.78,8824.94,2536.86,3759.9,3025.24,76.54
11/9/14,6680.15,1947.08,4271.8,2714.97,6485.6,584.15,6664.63,5965.36,6201.49,2078.8,4105.53,3525.12,74.93
11/10/14,6996.34,2566.48,4304.63,3025.59,4864.6,754.39,6705.06,7681.67,5988.34,2993.47,4032.05,3540.62,83.84
11/11/14,7584.91,1800.47,4767.71,2748.55,6531.08,960.21,8515.44,5991.55,6319.76,3100.25,3649.67,3261,81.3
11/12/14,5372.66,2251.01,3911.44,3225.56,5973.45,921.92,6744.46,6125.32,9137.59,2387.44,3722.05,3211.16,78.3
11/13/14,6189.59,2046.97,4316.16,3111.33,6880.85,1099.13,8668.23,5878.23,9346.79,2050.55,4108.35,3896.39,77.13
11/14/14,5109.56,1853.99,3714.25,2595.3,6414.29,962.75,7560.37,5854.18,6983.4,2749.73,4027.09,3489.63,75.67
11/15/14,7318.73,1788.44,3815.82,2926.1,6083.61,659.42,7622.78,5541.64,6789.54,2378.71,3111.73,3562.01,83.17
11/16/14,5017.85,1677.91,4179.45,2776.52,4929.73,949.47,7875.24,5909.23,6100.22,2400.19,2843.77,3929.5,69.94
11/17/14,4699.11,2127.4,4166.66,3286.14,6689.12,823.15,5730.63,5268.37,7617.1,2723.42,4758.45,3647.66,69.79
11/18/14,4682.68,2151.63,4237.79,3237.26,6235.12,827.94,5960.47,6318.27,8567.83,2572.33,2533.58,3455.83,73.23
11/19/14,5260.65,1765.53,4595.14,2304.75,5024.68,995.16,6623.69,5821.29,8741.9,2874.71,4150.03,4098.23,71.99
11/20/14,4576.32,2063.68,4648.77,3921.87,4512.01,953.6,9235.73,6000.76,7324.79,2893.41,3190.54,3351.29,68.1
11/21/14,4676.49,1859.39,4454.44,2483.1,6414.19,1111.41,8657.55,6550.38,6267.71,2747.32,2712.79,3670.75,68.73
11/22/14,4617.62,2022.75,4071.83,3407.67,6656.69,1005.26,7630.97,5840,7250.26,1877.18,4424.65,3832.84,72.13
11/23/14,3930.92,1891.13,3733.17,3005.87,5204.99,874.3,7727.18,5831.36,8047.13,2664.05,3137.3,4612.01,70.67
11/24/14,5148.52,2060.84,4072.16,3215.24,7161.74,754.96,6195.65,5687.08,7878.54,2713.69,4246.02,4192.92,75.9
11/25/14,4036.91,2091.36,3794.14,2948.2,5772.98,826.06,8226.08,7122.27,7881.51,3082.72,2191.83,2796.55,66.87
11/26/14,4919.81,1710.14,4699.47,3471.13,6001.56,973.64,7670.8,5648.45,6803.1,1811.82,3513.71,4106.71,74.69
11/27/14,4049.88,2012.56,4247.75,3382.34,6842.4,795.26,7066.76,5833.75,5755.16,3077.21,3297.77,3664.53,65.53
11/28/14,8755.12,1914.39,4047.13,3846.15,5429.3,1034.97,8008.24,6138.8,6322.75,2977.2,4379.28,3232.63,83.88
11/29/14,8738.08,2260.03,4043.55,2103.09,5283.86,931.38,8350.25,5101.73,7866.55,2314.31,4301.79,3761.27,77.16
11/30/14,7407.62,2169.22,3605.98,3095.09,5991.06,984.45,7458.2,6726.33,6441.11,2865.39,3307.13,2575.56,76.57
12/1/14,9190.88,1498.84,3277.32,3035.97,5879.98,872.69,7605.49,5106.57,6823.84,3043.39,3641.51,4011.2,83.31
12/2/14,7850.36,2185.16,3587,3396.49,5874.44,976.11,8563.33,5748.03,8590.56,2174.3,3550.24,3066.89,74.88
12/3/14,8080.17,2204.09,3343.74,2705.29,7407.72,695.1,5227.96,6397.13,6432.11,2717.62,4809.42,3893.98,80.02
12/4/14,6994.12,1940.4,3968.19,2980.17,6367.84,802.07,7111.82,6838.91,8461.29,2722.34,3455.21,4498.03,75.84
12/5/14,9139.22,2232.47,3913.3,2793.74,6833.26,657.83,8213.11,4995.52,7448.87,2293.18,3750.09,3310.77,80.17
12/6/14,4610.77,1893.03,4395.38,3260.25,5168.03,951.28,6763.61,4278.43,8203.26,2385.54,3675.75,4249.58,70.95
12/7/14,3684.22,1913.15,4472.8,3038.43,6037.48,937.46,6223.58,4809.33,7538.38,2841.93,3780.82,3697.03,68.81
12/8/14,4860.7,1648.69,3551.93,2522.66,5408.41,879.91,8302.29,5721.84,8769.05,2853.84,3969.15,4922.97,69.92
12/9/14,4558.18,2373.41,3511.57,3182.51,6870.49,680.65,7339.66,5642.36,7880.65,2909.09,2760.49,4221.53,66.44
12/10/14,4198.28,2092.01,5225.85,3390.68,6421.1,876.73,6315.67,5852.74,7849.85,2740.5,3865.82,2912.96,66.38
12/11/14,4360.59,1326.55,3855.77,3494.9,6160.1,797.97,7403.89,6069.13,7691.84,2943.26,3972.56,3615.88,69.43
12/12/14,3944.27,2058.58,4313.11,2764.9,5539.95,1061.79,6255.87,5286.44,7348.49,1773.43,3700.07,3577.07,64.09
12/13/14,4892.74,2095.53,3993.48,3453.62,6091.11,911.66,8740.63,5896.51,6856.16,2592.9,3813.47,3168.2,76.38
12/14/14,4419.36,2163.42,3382.86,2645.57,6017.57,846.18,6748.13,5957.76,6405.32,2728.09,4029.96,4499.1,75.3
12/15/14,4151.81,2795.87,4282.69,3543.88,4974,927.78,7796.78,7290.79,7344.9,2691.58,3677.16,3806.89,69.76
12/16/14,4341.14,1832.51,3347.52,2910.43,5969.68,919.51,7814.42,6682.28,7392.27,2555.33,4391.8,3895.52,66.7
12/17/14,3737.5,2079.36,4055.18,2559.47,4140.89,956.34,7811.43,5996.51,8204.01,2564.61,3856.02,3492.19,69.91
12/18/14,5149.03,1692.02,4287.04,3003.36,5966.16,1156.65,7553.16,4871.26,5741,2992.84,3613.14,3269.21,71.52
12/19/14,5619.19,1775.5,4341.94,2355.1,6557.7,847.05,6136.15,5839.82,7156.15,2510.7,3815.01,4414.2,73.33
12/20/14,4201.57,1978.88,4042.71,3772.75,6404.47,877.91,7129.37,5663.67,8103.74,2468.51,3170.68,2595.2,68.66
12/21/14,5472.58,1787.81,3128.91,2953.19,6692.49,1030.98,8750.3,7171.54,8621.96,3067.16,3553.5,3607.8,72.19
12/22/14,7074.47,1940,4386.31,3607.45,6817.31,789.55,6373.44,6629.41,10113.83,2596.24,4369.32,4274.9,82.31
12/23/14,5194.64,1695.93,3390.57,2803.5,6499.03,767.78,6304.92,5605.04,8291.73,2502.58,3169.5,3584.47,75.67
12/24/14,5436.98,2371.86,3987.14,3005.78,5988.25,1124.8,6144.15,6690.45,9122.43,3034.89,2855.15,4324.86,77.29
12/25/14,4866.89,1909.63,4804.72,2868.07,6350.9,727.9,8275,5031.75,8166.34,2675.27,3912.3,1468.2,68.61
12/26/14,4124.3,2171.55,3582.75,3618.67,6333.9,969.95,8219.33,7983.71,7803.75,2314.68,3841.4,3825.86,74.04
12/27/14,3875.46,1558.8,3260.74,3637.42,6921.49,821.34,7836.07,5400.84,8223.16,2545.66,3710.57,3735.81,69.6
12/28/14,5348.92,2094.99,2672.93,2195.53,4450.59,642.44,7884.53,5548.15,5339.84,2649.37,3493.02,4323.08,75.39
12/29/14,5229.75,2119.56,4788.23,2991.42,7448.18,898.69,6965.04,6362.45,8559.61,3063.76,3758.26,4007.78,72.73
12/30/14,4449.98,2219.4,5606.46,3749.75,5688.3,887.22,7093.66,6726.8,6192.98,2807.89,3849.85,2957.67,68.86
12/31/14,3855.81,1452.65,4370.34,3256.24,7550.32,1106.19,7032.07,7517.49,6926.8,2701.78,3902.3,3347.31,66.46
1/1/15,4238.07,2266.62,4570.32,3385.23,6100.29,896.25,7523.59,6997.29,7109.32,2008.16,4146.91,3607.59,70.64
1/2/15,4950.83,2042.48,3866.29,3231.45,5515.94,841.41,9339.59,6861.24,7333.99,2783.42,3654.33,3953.64,68.22
1/3/15,5316.13,2389.36,4198.92,2762.05,5063.47,676.38,6246.19,6374.8,7707.27,3339.1,3299.94,4042.51,69.37
1/4/15,3754.44,2506.66,4809.94,3145.38,7069.15,842.95,8478.47,5893,6839.38,2862.02,4304.41,3399.76,63.43
1/5/15,3401.1,2125.88,3606.5,3217.76,6037.91,970.15,8372.9,5558.71,6408.93,3074.69,3900.44,3784.81,68.71
1/6/15,5213.97,1817.62,4497.09,2962.77,6292.32,975.86,7402.8,5348.36,7326.75,2290.72,3127.77,3400.71,70.06
1/7/15,5744.68,1901.36,3925.8,3679.27,4994.27,864.82,7730.16,6891.95,7980.42,2475.34,3909.27,3640.45,77.03
1/8/15,4759.65,2337.2,4398.37,2778.45,6297.11,884.68,8316.57,5869.58,7718,2828.38,3517.03,2644.04,74.01
1/9/15,3779.34,2157.89,2965.79,2679.45,5217.03,947.75,8525.91,5768.95,6471.22,2942.33,3990.68,3449.87,71.27
1/10/15,4885.22,2132.75,4486.9,3227.49,7307.23,846.05,8451.71,4287.15,7200.78,2643.2,3102.72,4251.48,75.96
1/11/15,5253.9,1934.72,4314.54,2309.75,5787.35,987.82,9000.35,6348.88,7356.86,2673.29,3968.39,3596.89,68.74
1/12/15,5125.24,2123.58,4192.45,3227.45,5899.4,686.71,7171.38,7023.5,6750.49,2801.13,4098.83,3582.97,76.9
1/13/15,3693.91,1676.09,3198.32,2722.76,5406.3,1026.66,6739.31,7103.86,7773.07,2734.47,3513.47,2973.65,71.93
1/14/15,4262.28,1719.45,5002.85,3739.04,5892.35,840.09,7397.84,5857.49,7898.93,2858.37,3724.63,2977.58,66.19
1/15/15,4698.77,1947.48,3819.13,3470.9,7049.92,946.87,7710.51,5632.07,8345.71,2476.23,4047.81,3189.76,76.24
1/16/15,5311.79,2171.78,4449.54,2238.19,7469.43,695.16,7145.2,6311.62,8087.01,2104.04,3794.14,3809.4,71.4
1/17/15,5424.3,1763.23,3956.22,2999.8,4279.52,653.73,7355.89,6161.27,6929.33,2725.37,3671.26,3616.05,79.02
1/18/15,4776.2,1618.41,4567.46,2870.13,7854.2,729.86,6665.68,6644.16,7910.75,2363.28,2986.3,3903.03,67.29
1/19/15,5106.57,2083.41,4683.26,3427.03,5816.14,756.72,7893.13,5177.82,6546.01,2778.17,3957.53,2362.96,68.35
1/20/15,4310.64,2088.76,3947.82,2472.12,6622.09,675.18,7586.18,5760.46,7295.35,3046.78,2862.41,3539.88,70.86
1/21/15,5453.61,1733.95,4553.45,2278.86,6505.46,888.1,6991.94,6011.51,8892.42,2145.2,3997.12,2924.36,79.09
1/22/15,4491.15,1928.09,4721.76,2812.4,4088.56,705.94,8148.17,4811.48,6581.18,2941.72,3883.86,4309.96,71.99
1/23/15,5360.68,2070.4,3729.87,2869.58,5687.22,925.4,9095.04,5866.13,5602.59,2682.81,3068.98,3878.83,77.1
1/24/15,4308.74,1809.42,3433.67,2755.6,6117.08,926.11,6406.8,6442.81,5542.4,2300.3,4281.5,2724.59,66.41
1/25/15,4305.27,2357.75,4045.43,3277.85,5712.53,1064.52,7698.58,6229.64,8734.56,2408.99,3838.53,3939.62,74.51
1/26/15,4397.41,1650.24,3683.92,3672.78,8206.03,1146.62,7551.92,5703.9,8723.93,2427.07,3903.82,4062.76,66.87
1/27/15,4780.45,2019.24,3433.55,3503.15,5581.97,800.03,8476.58,6050.37,7775.41,2368.14,3300.78,3291.5,76.67
1/28/15,5098.7,2457.88,4505.06,2175.65,5828.75,805.61,6024.82,5377.43,5952.67,3211.89,3822.7,3340.4,74.58
1/29/15,5356.15,2432.79,4262.62,3398.89,6989.88,843.72,7138.88,5152.83,5243.36,3158.97,3652.59,4084.73,77.49
1/30/15,4692.41,2004.49,3252.78,3310.15,5589.52,980.37,6446.27,6482.17,8041.71,2345.25,4242.93,3568.43,69.51
1/31/15,5301.47,1741.13,4144.78,2699.83,5624.18,755.16,6523.04,5732.34,6373.42,2759.12,3388.39,3315.17,75.83
2/1/15,4538.67,2104.53,4504.68,2882.65,4239.85,686.2,6146.65,6161.61,5914.92,2581.33,3200.16,3446.97,73.16
2/2/15,5050.6,1836.37,4492.17,2743.77,4541.9,1093.15,8002.6,6098.85,6249.35,2915.94,3593.36,3922.48,69.03
2/3/15,3699.19,2298.36,4220.52,2831.74,5397.24,1006.21,8043.04,6298.1,7111.06,3227.69,3435.06,3417.68,70.57
2/4/15,3503.84,1983.74,3925.3,3260.12,6726.14,922.43,6047.9,6728.84,8231.83,3095.97,3807.86,3427.78,63.94
2/5/15,4513.49,1657.84,3722.22,2812.4,5277.44,877.65,7202.81,7101.72,8251.74,2255.57,4226.07,3910.46,66.57
2/6/15,4492.63,2421.13,3784.21,2751.41,5532.76,787.45,9129.66,6138.39,6635.58,2166.3,2896.59,2994.22,66.5
2/7/15,5311.19,1966.75,4398.77,2977.99,6073.36,791.98,7249.05,4157.45,7238.58,2425,2830.79,3829.33,68.55
2/8/15,5009.39,1924.84,4084.57,2822.54,6722.24,892.81,7948.52,6013.62,7908.82,2555.67,3391.65,3190.17,73.85
2/9/15,3337.34,1913.16,3963.89,2905.19,7047.37,1012.56,8680.14,5367.14,8046.89,2837.35,3025.72,3960.95,64.35
2/10/15,4832.97,2159.38,5005.26,3003.56,5290.31,930.41,7600.74,6136.67,7204.13,2970.19,3552.02,3806,74.95
2/11/15,3760.55,2077.89,3148.47,2967.93,5116.55,920.16,8168.93,5123.39,6185.77,2755.99,3947.12,3163.6,63.77
2/12/15,5228.37,2367.24,3776.18,3337.93,6596.62,971.53,6903.16,7174.95,5809.39,2449.03,3645.53,4781.57,72.91
2/13/15,5169.25,2306.38,4171.99,3302.76,6358.33,938.29,6157.24,4780.17,6879.87,2675.26,3659.27,3391.45,70.88
2/14/15,4371.79,2213.43,3434,2951.3,5639.32,925.3,7578.51,5418.39,6482.43,2555.06,3929.48,3781.78,74.18
2/15/15,3783.09,2297.13,4797.3,2625.34,5680.45,969.24,6281.88,5232.69,7984.09,2168.58,3036.96,3139.5,65.88
2/16/15,5053.61,1879.95,2898.41,3560.91,5486.74,891.15,8616.15,6887.75,8408.09,2993.77,2661.09,3383.93,69.39
2/17/15,4085.65,2218.3,3894.23,2610.54,5874.59,613.54,9409.66,6948.16,8069.92,2824.51,3434.66,3350.34,67.37
2/18/15,4660.09,2371.04,5094.3,2531.44,7000.25,705.25,8124.55,5008.51,6762.15,3121.3,3616.41,3508.8,72.91
2/19/15,4129.74,1931.27,2826.33,3051.64,6262.51,880.07,7166.21,7202.59,7718.46,2925.22,3526.95,3111.75,65.48
2/20/15,5101.67,2283.44,3792.41,3133.99,6462.34,744.49,6248.81,6280.83,7634.35,2557.68,3657.21,3473.61,69.07
2/21/15,5407.5,1943.59,4389.41,3183.78,4876.27,969.74,7474.54,6189.55,6439.29,2979.68,4635.98,3044.03,78.49
2/22/15,3501.4,1775.34,3652.97,3562.23,6173.67,1072.78,7326.99,5645.31,6731.21,2951.29,3453.8,4075.55,68.5
2/23/15,5017.64,2033.47,3637.28,2673.98,7179.03,840.62,6806.41,4248.2,7024.58,2974.73,3518.64,3303.65,71.7
2/24/15,4593.77,1510.15,4536.32,3410.26,6818.04,979.49,7598.1,6381.52,6991.46,2888.67,4591.74,2941.74,73.17
2/25/15,5149.06,2092.68,4359.64,3461.17,6490.42,1050.59,6002.59,5623.49,8516.67,2409.19,3164.73,4160.16,76.59
2/26/15,5162.04,2081.96,4652.31,2536.05,5076.66,419.78,7925.07,5831.47,7733.63,2600.97,3785.12,3592.48,68.42
2/27/15,4872.14,2301.65,4145.33,2315.61,5843.81,831.82,7654.97,6477.81,8633.06,2793.69,3657.52,4264.99,75.15
2/28/15,4521.57,2252.22,3945.99,2949.43,6925.19,1036.22,7358.3,6294.48,7928.59,2161.56,3688.67,2821.4,75.65
3/1/15,4158.51,1877.73,3534.02,2950.21,5269.94,1020.94,8575.96,7172.12,7703.89,2327.95,3474.67,4246.1,72.42
3/2/15,5140.21,1930.42,4704.74,2095.52,4694.6,1007.87,8195.6,6261.62,6773.55,2561.1,3529.01,3721.58,76.74
3/3/15,5301.78,1847.67,5032.62,3364.23,6078.43,791.04,7723.54,5438.82,6128.29,2164.64,3981.95,3709.1,72.19
3/4/15,5436.2,2223.14,4627.19,2776.14,6752.45,930.77,7742.21,5865.48,8847.82,2284.36,4209.01,3688.98,77.39
3/5/15,5027.22,2344.93,4212.59,3465.1,5790.22,843.69,7319.83,5747.92,4993.48,2939.14,3780.4,3342.01,74.12
3/6/15,5379.93,1670.39,3835.95,3314.83,5983.14,1073.34,6635.68,7428.23,5313.74,2756.75,4139.62,5029.5,78.44
3/7/15,4889.79,1699.19,3425.04,2596.75,7435.32,680.49,8274.39,4957.88,8083.95,1725.9,3484.25,3479.73,73.58
3/8/15,4421.18,2044.81,4221.59,2924.61,5009.48,820.63,9078.68,6874.81,8319.96,2833.69,3332.63,3651.14,66.42
3/9/15,5363.51,1797.52,4708.76,2647.93,5793.88,941.7,7540.41,6349.31,6716.73,2334.1,3979.31,3795.85,72.45
3/10/15,4526.57,1797.52,3005.62,3329.7,5972.64,778.98,8738.38,5409.7,7514.98,2732.46,3969.44,3448.46,74.03
3/11/15,4859.6,2402.27,4430.96,2419.49,6572.95,883.8,9817.05,6475.47,6841.38,2610.39,4403.05,4047.56,71.3
3/12/15,4003.79,2150.57,3845.54,2680.88,7291.27,939.52,6573.76,5940.24,7812.84,1776.54,3509.8,4065.85,70.69
3/13/15,5385.98,1802.41,3981.13,2636.2,7464.4,753.46,8423.51,6617.98,7623.47,2739.6,3217.61,3759.88,74.13
3/14/15,3667.03,1999.88,4584.72,2671.63,6965.29,865.65,6307.78,5875.33,6680.13,2257.95,4070.93,4190.23,70.57
3/15/15,4930.47,1638.5,4439.34,3529.79,6207.39,890.8,7916.21,5105.49,7243.3,2690.32,3836.49,3747.44,69.95
3/16/15,4310.34,1826.02,3748.6,2946.7,5047.64,830.83,7395.08,5901.23,7408.9,1822.28,3527.95,3240.63,68.07
3/17/15,3729.06,1594.59,4432.36,2430.5,5580.87,1008.55,6094.24,5597.36,8833.6,2095.85,3708.81,3629.43,71.73
3/18/15,4838.38,2223.73,4901.9,2731.3,3724.09,935.1,8067.93,5397.87,7476.49,2634.27,3211.8,3597.49,71.65
3/19/15,4401.47,1693.14,3263.89,2741.82,6005.31,781.8,7385.68,7925.18,7866.21,2426.84,3965.98,4168.58,70.52
3/20/15,3806.43,2223.32,4802.88,2608.84,6702.96,963.25,9776.81,6005.93,6769.95,2211.04,3981.95,3626.5,66.41
3/21/15,3456.61,1903.85,3399.93,2825.89,6765.9,843.54,7254.21,5636.34,6161.2,2951.51,3983.72,4367.84,66.4
3/22/15,5083.78,2292.53,3566.72,2789.26,7208.23,938.91,7454.48,4317.84,8723.14,1778.22,4289.85,4002.22,76.35
3/23/15,5123.84,1958.45,4812.52,2652.77,5735.79,930.66,6728.05,5986.58,7007.32,2014.58,3750.82,3692.88,75.67
3/24/15,3619.31,1660.66,3812.64,2849.24,5507.1,856.27,6739.26,5992.14,7647.18,1992.66,3340.87,4024.01,63.94
3/25/15,4809.51,2338.77,3967.75,2833.13,6267.25,869.73,7684.2,6481.52,7935.33,2819.7,4711.42,3276.18,75.48
3/26/15,3729.26,2276.53,3386.96,2661.63,5494.02,905.8,7803.81,6427.5,7398.96,2830.43,3739.37,3182.95,65.66
3/27/15,5038.38,1880.36,3549.87,3454.55,6876.44,896.67,6628.78,4897,7933.19,1701.99,2899.14,4087.76,74.78
3/28/15,4064.75,2067.31,3631.11,3858.58,5426.85,623.41,9317.6,5869.4,6769.27,2205.28,3293.77,3257.96,65.99
3/29/15,3589.07,1787.02,4969.56,2838.16,6194.1,817.96,7452.47,7456.29,9554.71,2998.76,3197.18,3894.57,69.99
3/30/15,4791.43,2576.62,4645.6,2860.06,6316.14,964.94,7937.16,6102.13,8206.67,2559.92,4022.73,3207.22,74.14
3/31/15,4127.85,2233.98,3889.02,2906.13,5209.82,1126.47,8309.93,4877.06,8499.15,2309.23,4004.76,2968.8,66.33
4/1/15,4120.02,2172.15,4088.97,3147.35,6905.75,972.19,6832.37,5276.85,7982.86,1717.14,3419.88,3358.68,69.21
4/2/15,3131.14,2359.04,4486.1,2572.31,5608.92,817.39,7927.39,6509.87,8319.68,2502.17,3317.74,2947.05,67.63
4/3/15,5124.29,1465.8,4511.47,2631.22,6020,803.13,6872.7,6414.72,7242.27,2774.32,4065.98,4134.87,76.85
4/4/15,5381.28,2339.44,4135.92,3090.55,7248.27,719.37,7525.86,6171.29,5053.69,2935.12,4292.89,4090.49,78.51
4/5/15,4372.2,2107.39,4200.83,3192.68,4717.27,1002.78,8499.1,4675.67,8355.26,2532.98,2965.3,3609.19,72.21
4/6/15,4689.79,2190.43,4537.28,2698.84,7586.28,924.66,6467.69,6187.92,7793.77,2256.21,3126.53,3225.59,66.51
4/7/15,4399.7,2144.25,4152.67,2868.68,5556.22,813.42,7691.55,6450.79,7028.38,3132.84,3444.17,4006.2,69.68
4/8/15,5309.29,1936.99,3966.01,2148.08,5318.95,902.81,7260.11,7213.33,8423.61,2360.24,3616.81,3382.29,75.37
4/9/15,5461.96,2071.45,3585.16,3347.18,6227.12,669.25,8479.14,3715.07,7544.12,2894.67,4162.37,2576.1,73.44
4/10/15,3992.8,2125.12,3457.25,2846.04,5017.41,1008.71,8299.55,5926.23,7287.31,3626.34,4407.74,3094.6,64.83
4/11/15,5431.31,1742.29,3645.5,2969.33,5365.43,593.73,6744.76,6410.41,6549.34,2579.81,4029.09,4000.53,75.18
4/12/15,5867.24,2718.85,4718.12,3105.89,5882.96,825.69,6225.51,7016.1,6975.18,2494.66,3626.98,3744.38,79.57
4/13/15,4286.97,1438.12,4435.67,3222.8,7043.06,779.11,8893.73,6496.51,9080.4,3023.4,3265.88,3782.23,71.65
4/14/15,5614.17,1872.8,4288.12,2415.76,6281.85,777.3,5370.4,4772.13,7247.7,2628.4,3878.75,3953.91,70.9
4/15/15,4202.08,2163.93,3629.07,2878.82,4918.76,1093.92,9431.23,6035.88,7468.65,3079.81,4037.95,3940.97,66.92
4/16/15,4434.9,1978.78,3827.26,2783.26,6758.99,840.84,6266.17,4579.9,8740.45,2259.19,3709.55,3684.49,70.34
4/17/15,4771.71,1834.51,4323.63,3447.11,4981.91,777.78,6835.06,5750.93,7084.95,2857,3965.06,2755.06,68.01
4/18/15,3563.41,2031.82,3572.57,2597.38,7318.71,908.33,6984.63,6780.86,6896.17,2757.96,3277.05,3959.38,69
4/19/15,5241.78,2438.91,3299.59,1630.81,5925.06,1051.29,6521.1,5751.63,6784.69,2907.42,3832.83,3589.56,77.54
4/20/15,5225.32,1395.53,3591.61,3392.18,5350.95,919.85,6469.34,4929.16,6216.96,2941.38,3111.66,2835.31,68.81
4/21/15,4890.78,2003.74,4353.79,1938.68,7584.7,978.38,6453.62,5456.75,7650.28,2528.79,4638.61,3255.57,68.76
4/22/15,4832.26,2571.85,4332.36,3826.99,6416.75,606.03,5592.89,5871.34,8859.22,2353.06,4600.38,3908.15,70.48
4/23/15,4474.21,1945.98,4853.87,3304.96,6845.75,955.73,6840.93,5057.42,7253.05,3193.05,3753.18,3814.77,69.75
4/24/15,6067.64,1516.56,4571.96,3069.07,6837.29,809.9,6204.92,4926.55,7000.63,2260.82,3614.87,3413.98,80.65
4/25/15,4261.83,1464.77,4778.27,2962.79,5423.7,749.77,7103.83,5971.48,7482.63,3471.69,4742.89,4138.66,73.92
4/26/15,3921,2139.05,4959.47,2975.76,5599.29,925.66,5836.99,7213.83,7617.66,1070.87,3963.75,3391.23,67.5
4/27/15,4185.73,1998.98,4433.8,3519.72,4781.06,899.18,7373.41,6523.63,6889.94,2380.18,4316.55,2885.46,70.93
4/28/15,5367.34,1522.24,3974.69,2523.46,7007.15,835.74,7872.66,6103.07,8613.2,2369.19,3663.77,4247.47,75.53
4/29/15,5540.89,2199.54,4189.51,2784.75,5832.39,885.7,8223.4,4968.21,5802.43,2094.35,3108.45,3560.95,73.05
4/30/15,5359.96,1906.43,3938.48,3091.47,5691.79,1039.97,7330.32,5786.22,6582.17,2838.5,3852.46,4060.39,76.41
5/1/15,5291.9,2479.88,4033.74,2458.47,7160.19,1005.48,5766.26,6091.44,6984.61,2370.19,4075.78,3981.61,76.22
5/2/15,5496.67,2234.37,4448.89,3521.53,5037.11,1009.53,8492.33,5862.6,8148.7,2198.92,3058.52,2606.92,74.05
5/3/15,3594.86,1845.78,4943.96,2408.05,5900.84,1039.02,7062.51,5344.93,8014.37,3249.68,2659.25,3143.5,70.78
5/4/15,5729.59,2238.29,3258.97,2756.55,5525.37,964.8,6408.47,6386.01,5389.43,2620.58,3383.97,3208.09,75.48
5/5/15,5448.7,2195.18,3442.23,2509,5734.46,1075.87,7878.34,5460.89,8468.36,3074.42,4220.09,3463.8,70.3
5/6/15,5560.83,2345.85,4881.23,2692.64,6146.84,910.17,8111.34,5710.81,6891.69,2274.18,3458.96,3763.85,78.05
5/7/15,4506.53,2146.59,4301.24,3063.88,5598.82,721.13,8162.88,6754.65,6548.35,2888.55,3059.54,3015.83,72.5
5/8/15,4426.02,1528.11,4436.86,2671.14,7209.17,747.14,7328.45,6617.44,8871.3,2297.08,3331.05,4205.81,67.01
5/9/15,4127.3,2364.19,4669.56,3703.84,5570.09,786.2,4326.46,5597.05,6924.35,2222.13,2739.8,4574.54,68.97
5/10/15,4974.21,1772.06,4151.11,3146.97,5658.55,1046.27,8062.17,6097.22,8883.44,2768.04,4081.24,2469.07,72.8
5/11/15,5272.04,2083.88,3806.16,2906.71,7108.74,1045.02,6347.02,4904.32,8103.78,2569.34,3076.37,3929.76,70.6
5/12/15,5709.13,1878.98,3282.53,3519.35,5570.99,921.73,8610.1,5671.3,8132.5,2471.08,3702.98,3023.36,75.27
5/13/15,4472.93,1364.62,4747.02,3069.44,6227.68,984.26,10010.35,5897.47,7927.69,3287.15,3579.38,3842.76,74.31
5/14/15,4920.83,2002.85,4358.56,2583.46,5312.49,895.24,7714.45,4770.67,6658.11,2496.27,3844.53,2506.63,75.34
5/15/15,4443.38,1832.95,3858.76,3264.91,6591.95,862.1,8190.99,5141.93,7747.6,2823.3,3852.34,3655.14,73.63
5/16/15,4623.4,2095.45,4234.92,3151.49,5732.67,855.41,7811.17,6384.33,7319.59,2332.81,3249.41,3476.03,67.06
5/17/15,4909.95,1927.95,4528.52,3067.13,5570.29,797.42,8572.38,6154.59,8028.7,3063.73,3408.48,2799.28,73.14
5/18/15,3472.03,1279.87,3553.17,3107.2,6431.31,1082.74,7783.79,6318.27,7590.85,2548.87,3507.65,4356.64,67.67
5/19/15,5703.16,1955.33,3668.59,3695.01,6109.57,1134.93,8998.2,5298.83,5969.28,2192.92,3598.9,2831.83,69.59
5/20/15,5609.93,2103.65,3489.8,3418.55,3074.38,1069.05,6991.56,5459.54,8080.2,2952.47,4468.74,3073.64,78.75
5/21/15,5421.73,2268.4,3415.83,3011.7,6155.94,702.3,5311.91,6501.57,7977.48,2265.84,3298.03,3610.13,73.52
5/22/15,6471.76,1796.87,3910.75,3596.04,5759.07,993.32,9034.18,5187.02,6550.19,2495.58,3474.96,3655.23,73.12
5/23/15,7644.65,1479.24,3801.13,3316.76,6735.63,856.77,7403.34,5639.33,7588.75,2398.26,3117,2706.83,83.52
5/24/15,7736.06,1979.88,3953.94,2534.16,6403,854.69,7883.94,7041.07,5806.69,1637.37,4208.52,3166.37,77.17
5/25/15,7314.93,1904.07,4019.59,2698.47,5024.55,932.22,8056.08,6830.42,5958.96,3651.26,3251.85,4469.99,82.26
5/26/15,7200.65,2371.08,4203.13,2648.46,6766.65,940.74,7499.57,5588.83,6385.47,2840.85,3133.14,3671.99,77.5
5/27/15,5976.34,1953.09,3493.45,2907.58,5615.27,680.96,7189.86,5957.9,5660.92,2633.88,3264.15,3402.09,80.03
5/28/15,4474.55,2006.23,3759.28,1780.36,6621.76,1010.86,7901.55,6125.18,8006.97,2642.55,3966.33,4097.59,71.88
5/29/15,5040.81,1881.76,3469.25,2950.15,6068.61,919.28,6365.79,4653.65,6854.64,3097.82,3965.66,3587.89,69.22
5/30/15,5193.22,1946.14,4536.78,3756.5,4530.82,1016.19,7470.07,5916.76,8542.82,3262.05,3916,3109.72,69.38
5/31/15,4951.14,1644.28,4310.2,2954.2,7556.75,931.09,5728.88,4488.63,8277.31,2285.97,2878.52,2975.18,73.49
6/1/15,2676.36,1960.45,4419.02,3361.27,7934.53,673.61,8262.59,8448.34,6910.14,2928.71,4532.97,2839.47,59.07
6/2/15,3854.91,1909.07,4152.3,2914.04,6716.45,938.32,7744.45,6364.14,7479.23,2264.36,3649.79,3538.86,64.63
6/3/15,4364.57,1560.4,4624.37,3653.9,5692.52,861,6945.05,5143.77,6603.21,2742.62,3666.75,3568.54,72.63
6/4/15,3930.4,1442.47,4195.69,2714.08,4156.96,774.82,8056.37,5247.39,8275.34,3318.93,4216.67,3385.29,70.82
6/5/15,5152.78,2241.44,5271.24,2191.19,8306.35,720.62,5421.3,5996.09,6665.54,2549.64,3360.36,4088.71,69.57
6/6/15,4939.47,1836.65,4206.24,3078.45,6014.48,975.02,9405.72,6591.44,6621.24,2947.12,3455.67,3055.37,73.44
6/7/15,4581.11,1317.79,4462.47,2681.57,6496.78,1039.82,5252.26,5434.56,8282.73,2458.87,2370.55,3685.74,71.94
6/8/15,5535.73,1766.05,4296.45,3682.82,5581.11,902.44,7299.9,4950,6598.28,2200.05,4210.88,3470.86,73.89
6/9/15,4909.56,1965.78,3428.25,3990.63,4168.36,807.68,7831.34,5994.57,8274.55,2637.34,4082.25,3748.82,68.94
6/10/15,4758.8,1909.66,4177.26,2682.61,7147.17,1064.36,7978.94,6063.4,6979.1,2692.8,2816.44,3596.14,68.4
6/11/15,5785.33,1504.35,3821.58,3695.74,5790.3,937.42,8505.38,6223.27,6834.85,2724.98,3180.14,3026.08,73.49
6/12/15,4240.93,1596.71,3820.94,3236.08,7098.46,1007.97,9035.11,6507.67,7757.8,2981.5,3596.2,3481.23,70.23
6/13/15,5442.56,2178.27,3790.62,2249.83,7162.47,852.13,6919.79,5639.03,5866.94,2196.07,3010.83,3295.19,78.09
6/14/15,4458.52,2007.1,3219.63,3483.8,5511.18,907.68,9320.39,5381.55,7315.36,2953.26,3635.57,3988.49,66.24
6/15/15,4908.21,1684.21,3920.84,2734.38,7986.27,929.89,7224.07,5859,6821.31,2404.88,3333.02,3923.14,75.4
6/16/15,4555.18,1931.86,4591.69,2958.49,7315.84,834.36,7180.65,6416.3,6396.12,2644.15,4471.1,2889.25,69.27
6/17/15,3324.97,1943.05,4100.58,3119.06,7984.05,911.22,7723.37,5548.3,8234.63,2217.51,3823.12,4247.02,64.39
6/18/15,4666.33,2118.73,4112.77,3156.95,5910.24,936.97,7138.27,5273.85,5287.88,2909.53,3620.9,4140.67,71.47
6/19/15,4260.12,1641,4155.86,3043.36,6431.21,948.71,8613.83,5539.17,6992.16,3184.67,3144.51,3302.69,72.99
6/20/15,5392.16,2033.75,3884.63,2801.89,5790.22,1028.22,5331.94,6153.9,7775.83,2417.27,3575.18,3617.97,76.15
6/21/15,4024.77,2055.32,3825.46,3333.63,5325.4,684.01,8692.33,6418.3,9297.26,2327.93,4014.41,3265.54,70.51
6/22/15,4436.13,1963.54,4088.14,2112.17,5876.6,896.03,8185.97,6236.64,7687.48,2499.32,3035.56,3510.95,67.96
6/23/15,4669.75,2263.1,4958.95,2273.1,4133.65,851.34,7931.94,6086.24,7050.72,2402.96,3241.12,3857.59,74.26
6/24/15,3961.48,1946.81,3892.2,3409.5,5014.49,783.28,9265.63,6117.74,9185.85,2594.72,3356.97,3067.49,64.84
6/25/15,4931.14,1942.89,4236.5,2684.55,6727.96,1049.41,6170.2,5120.47,6770.38,3302.27,2739.35,4014.67,71.76
6/26/15,4538.7,1637.57,4787.2,3324.85,4404.73,614.36,6462.83,5386.56,5315.64,2236.41,4640.04,3201.31,66.83
6/27/15,4904.32,1768.63,4436.44,3129.36,6322.51,828.03,6610.21,6499.88,7370.34,2830.36,3444.88,3477.82,69.25
6/28/15,5293.56,2088.54,4047.59,3075.52,5735.64,843.92,6273.95,5922,6162.73,2452.05,3671.26,3082.55,68.91
6/29/15,4951.49,1351.39,2349.24,3187.61,5791.96,977.22,7907.38,6415.97,7422.55,2715.48,2787.14,3224.59,75.19
6/30/15,7010.79,2008.97,4309.96,3244.59,5688.37,1060.85,7612.78,5693.31,6468.3,1709.32,3356.93,4093.24,76.55
7/1/15,7531.1,2305.38,3988.49,3475.27,6502.97,966,9414.63,5965.19,6276.12,3219.48,4259.62,3345.86,80.47
7/2/15,6817.07,1824.75,4591.02,3530.75,5990.95,815.11,9161.95,6629.35,7976.13,2937.44,3011.26,3547.86,73.02
7/3/15,7959.68,2257.77,4596.46,2856.73,6352.79,1107.91,7464.92,5334.5,6276.12,2350.07,4020.3,3794.26,81.6
7/4/15,7053.89,2116.44,4436.25,2957.53,5961.47,798.21,8449.3,6760.96,8116.91,3048.25,3699.46,4140.86,79.92
7/5/15,6543.72,857.49,3923.88,2863.51,4520.72,864.42,7089.38,6435.08,9451.89,2340.36,3061.04,3164.23,78.85
7/6/15,6522.76,2028.83,4373.99,3516.21,6764.45,886.96,7512.31,6296.26,7707.91,2742.85,4615.29,3262.77,79.03
7/7/15,5414.95,1883.72,3338.76,2913.53,7217.23,982.79,6286.77,4842.12,9613.72,2745.46,3102.33,4263.02,76.7
7/8/15,6004.07,2058.9,4325.42,2874.24,6403.92,774.17,5299.63,5592.57,7912.19,2321.09,4010.02,2602.81,77.61
7/9/15,4934.24,2140.44,3843.53,3747.1,5789.54,780.72,8119.29,6876.44,5028.05,2692.39,4075.89,3783.57,77.12
7/10/15,4604.87,1819.67,4486.12,1879.34,7080.95,1021.07,5959.18,6452.2,9814.03,2670.66,3055.52,3584.15,71.24
7/11/15,3954.72,2296.49,3305.51,2573.86,7122.57,1035.95,6116.02,5317.71,8063.14,2250.86,3722.23,3123.48,70.49
7/12/15,4349.52,2006.16,3042.58,2664.47,5537.54,1011.45,7049.91,7494.07,9419.69,2675.93,3282.82,3204.36,72.14
7/13/15,4810.58,2376.76,5175.15,2645.99,7196.7,824.25,7941.96,5555.97,6341.88,2391.69,3765.15,3826.01,71.39
7/14/15,3823.7,1848.41,3981.47,3829.91,6221.92,529.61,7253.94,5397.83,7541.75,2643.98,4274.33,2239.65,70.87
7/15/15,4472.21,1850.1,3761.01,2895.58,7218.69,1094.29,8537.38,5849.74,6043.38,2553.56,4384.17,3720.11,69.35
7/16/15,4675.76,2505.3,4185.09,2374.1,5667.05,858.27,7652.31,4948.55,6680.91,2636.55,4139.62,2963.74,68.66
7/17/15,3550.24,1970.43,3489.59,3626.32,4798.82,987.41,8077.7,5578.9,8635.58,2645.43,2525.77,3437.54,69.56
7/18/15,5410.35,1836.94,5588.73,2516.24,7060.79,1029.48,7060.95,5985.52,6252.73,2000.25,4045.91,3288.92,71.16
7/19/15,4725.1,1974.11,2758.34,3043.59,6144.14,927.14,7541.12,5901.05,8415.52,2759.92,4162.22,4087.5,67.78
7/20/15,5636.04,2054.21,4759.14,1929.52,7129.19,1039.27,7257.39,5631.62,9033.37,2616.98,3083.51,3362.92,70.74
7/21/15,5596.75,2177.81,4562.03,3097.83,5346.29,894.62,8533.98,5412.27,5433.53,3343.09,4205.93,3628.09,73.83
7/22/15,4169.42,2066.66,4129.05,3520.26,5583.14,937.91,6556.46,7960.37,7903.17,2690.58,3096.27,3990.68,68.9
7/23/15,5095.79,2343.6,4058.7,3708.52,7005.5,709.31,5919.52,4853.3,6579.75,2086.92,4324.02,3519.24,70.36
7/24/15,4423.63,1940.18,3156.86,3339.28,6256.78,857.07,8585.97,6110.7,7878.46,2975.8,4292.73,3716.92,68.11
7/25/15,5491.05,2144.56,3179.42,2374.69,6474.16,916.51,6939.8,7356.83,6589.49,2458.13,3534.6,4568.75,74.29
7/26/15,5370.46,2009.69,4124.16,3384.45,5896.58,870.04,4984.34,5767.67,6096.11,2363.77,4237.57,3168.17,70.93
7/27/15,4703.76,1750.51,4078.04,2870.51,5323.88,892.07,5297.8,6350.1,8857.38,2556.07,3623.95,3834.59,67.57
7/28/15,4292.53,2052.51,5939.42,2949.76,7001.16,739.26,6300.26,5585.36,7902.6,2556.6,4076.74,3962.9,66.43
7/29/15,4409.24,2267.37,3079.34,3654.97,5607.25,733.14,8299.35,5001.98,8143.46,2810.97,3931.71,3940.46,74.08
7/30/15,5281.86,1060.92,5281.49,2993.1,6066.48,767.39,7048.44,6589.39,8228.74,2474.07,4245.27,3735.96,73.48
7/31/15,5691.8,2126.85,4249.71,3308.2,7117.25,812.56,7553.42,6399.31,8191.26,2483.07,3919.64,3368.12,77.51
8/1/15,4482.99,1934.33,1937.85,3744.79,5385.24,864.99,6411.55,7437,8917.54,3133.14,3636.35,4041.85,74.15
8/2/15,6046.97,1598.98,4980.13,2851.22,5828.49,1098.99,4931.02,5321.95,7507.39,2119.95,3893.41,3496.84,79.88
8/3/15,4120.61,2025.04,4574.28,3381.71,5572.56,706.18,8761.94,5610.42,7817.01,2352.15,4157.23,3418.96,70.51
8/4/15,3708.12,1942.11,3628.45,2914.47,6155.27,1034.11,6786.94,4786.74,7440.34,2239.5,3502.55,4209.71,63.51
8/5/15,3938.73,1950.12,4038.69,2228.21,6881.11,893.26,7611.07,6334.84,7963.38,3108.59,4807.4,2691.39,70.93
8/6/15,3662.54,1667.76,3698.33,3102.97,5402.22,1033.64,7753.21,4827.59,9572.38,2802.16,2553.74,4602.28,69.44
8/7/15,5029.28,2282.19,4406.57,2682.27,6524.25,1028.93,7145.71,5405.6,7639.25,2290.29,3523.29,3108.58,73.09
8/8/15,4721.53,2374.44,3472.6,2381.29,5098.4,920.24,7227.03,5204.93,7810.3,3256.75,3125.48,3555.28,76.33
8/9/15,5444.83,1533.65,4686.01,2444.38,5662.88,1109.8,5460.48,5669.74,7906.88,2574.01,3620.26,4167.88,72.08
8/10/15,5141.55,2308.02,5097.86,3318.88,6507.67,805.6,8371.39,5438.01,6749.47,2876.47,2718.05,3651.45,71.03
8/11/15,4190.89,1958.09,4004.65,2578.7,6575.74,1011.23,6279.43,7203.14,8100,2689.94,2450.09,4979.06,74.41
8/12/15,4928.17,1953.68,4738.63,2001.03,7679.02,969.55,7353.98,5621.5,6665.79,2046.04,3366.09,3306.98,76.18
8/13/15,4362.73,2240.98,3000.96,3009.54,5790.11,732.37,9487.82,5469.34,8205.32,3262.52,3926.62,3821.25,67.2
8/14/15,5268.02,2143.54,4268.31,2235.55,7034.49,1000.27,7064.16,4964.77,8668.06,2227.08,3539.26,3782.39,73.7
8/15/15,3444.47,2086.01,4263.46,3466.66,5893.65,839.92,9236.74,6177.41,5559.82,2675.03,4432.02,3565.86,68.34
8/16/15,3916.67,1606.1,4511.7,3095.09,6392.58,1043.01,7088.67,6513.21,8242.38,2555.4,3278.14,3090.06,67.6
8/17/15,5352.91,2264.15,4906.03,2740.53,7453.43,803.51,6216,5765.07,7105.1,2191.11,3551.78,3262.04,71.41
8/18/15,4956.45,1777.75,4381.36,3837.81,5990.29,901.63,9430.84,6236.27,8675.68,2883.78,3806.56,2596.74,70.73
8/19/15,5428.09,1916.6,3899.64,2609.22,7433.23,895.65,7256.05,5487.48,8365.15,3037.3,3367.86,3308.56,77.98
8/20/15,5588.69,2103.51,3720.06,3058.31,7463.11,664.72,7282.44,6356.71,6062.32,2829.84,3858.22,2218.43,75.34
8/21/15,4356.2,1606.75,3620.84,2713.5,5019.37,896.71,7350.8,5910.37,7153.69,3509.79,3318.02,3242.6,67.14
8/22/15,4713.22,2010.05,6011.18,2137.24,6139.44,1120.58,6627.77,4916.78,7565.89,2615.43,3411.41,3026.82,75.39
8/23/15,5466,2034.73,3961.97,3520.76,5061.53,732.2,7332.1,6655.42,6842.04,2951.18,3050.52,3317.98,76.13
8/24/15,4291.49,1465.17,3664.21,2629.1,7232.87,1143.51,8885.05,5229.27,8740.89,2361.08,2864.09,4084.56,67.06
8/25/15,5975.26,1874.44,4273.48,2803.91,6234.38,517.71,8632.89,5946.63,6056.78,2758.88,3811.29,2694.62,71.83
8/26/15,4586.68,1559.97,3611.63,2926.24,5527.78,819.29,8480.64,6310.02,8014.98,2570.9,2668.73,3258.03,73.06
8/27/15,3844.77,1938.42,4922.19,2783.36,6333.08,1007.09,7010.22,5201.72,8358.1,2841.38,4325.68,3214.8,69.75
8/28/15,4294.41,2088.79,3557.43,3385.55,4656.17,736.72,7337.15,6377.12,8496.58,3276.74,3482.35,3429.02,73.85
8/29/15,5448.13,1823.41,4191.08,2392.99,6286.65,1150.9,7197.38,5363.13,7560.42,2162.32,3315.63,4073.97,78.09
8/30/15,6298.33,2169.71,4903.22,3479.99,6052.3,665.45,8284.97,5738.3,6516.55,3136.18,4083.3,3741.89,74.38
8/31/15,4872.43,1766.83,3543.06,2377.39,5616.87,1041.69,7718.35,6860.01,8728.37,2507.21,4061.34,3813.36,71.21
9/1/15,5235.68,2388.22,4983.02,3269.47,6522.77,918.99,8051.35,4791.67,6855.35,2310.21,3173.44,4097.34,76.28
9/2/15,6095.4,2457.72,4384.58,2803.86,4770.35,871.66,9024.45,6495.24,8053.72,3244.66,4355.05,3547.51,75.45
9/3/15,5882.73,1704.69,4649.63,2471.7,6143.43,1133.16,6903.6,6084.86,8622,2635.26,3282.75,3913.25,75.46
9/4/15,5163.38,2486.54,5047.39,2562.14,6212.36,811.94,8298.63,5005.48,7672.72,2324.09,4825.43,2918.98,68.86
9/5/15,6447.04,2233.44,4196.99,2670.43,5588.7,957.84,6445.54,5840.79,8645.34,2958.36,2426.63,3411.07,74.24
9/6/15,8663.8,2226.67,4591.4,2569.02,6496.31,832.89,5361.31,5214.4,7256.73,2530.52,2696.97,3760.64,83.98
9/7/15,7685.18,1778.23,4246.71,3335.47,5679.95,732.37,7423.49,6281.17,6987.12,2504.68,4286.42,3653.46,79.7
9/8/15,6332.11,1191.75,3837.37,3114.94,5843.18,1133.63,5735.35,7144.48,8215.16,2491.17,2998.79,3963.81,81.36
9/9/15,5223.54,2310.43,4632.86,3088.62,6325.1,821.55,8044.75,6034.59,7343.83,2922.9,4524.26,4350.98,69.38
9/10/15,6172.5,1740.13,3622.46,3404.51,4943.98,784.37,8145.38,6997.92,7260.18,2545.34,3416.86,4028.5,72.38
9/11/15,5631.65,1623.87,4864.94,3280.8,6343.46,941.71,7410.47,6173.27,6708.93,2743.26,4225.49,3865.7,79.11
9/12/15,4271.76,2034.1,3787.52,3639.92,6278.44,996.33,8105.57,5696.09,7449.83,2504.42,3625.17,2144.92,65.74
9/13/15,4380.05,1850.38,4743.06,2967.51,6744.16,1104.41,7312.61,6921.72,9201.01,2790.87,3172.31,4471.76,74.52
9/14/15,5300.84,2353.95,4082.33,2834.48,7224.56,694.9,6495.48,4418.43,6553.32,2134.83,4188.91,3765.53,75.41
9/15/15,4292.06,1657.96,3866.88,3051.78,4517.58,926.14,8144.43,5476.2,8431.02,3033.91,2872.65,4160,65.69
9/16/15,4873.21,2224.3,5548.82,2881.09,7828.14,929.32,7653.57,6120.18,7719.35,2310.95,3065.74,3235.53,69.82
9/17/15,5648.98,1641.28,3606.84,3232.92,6771.1,815.62,7259.97,6653.14,5812.08,2624.12,3635.13,3536.66,71.76
9/18/15,3994.95,2018.58,4625.7,3082.53,5929.96,995.03,6723.87,4419.15,6416.8,3299.32,2585.21,3370.86,73.53
9/19/15,6560.35,2276.74,4139.17,3369.97,5006.03,786.85,8291.62,4860.12,7617.91,2581.03,4066.84,3792.88,72.41
9/20/15,4326.83,1795.06,3778.88,2340.88,4758.24,821.46,10972.82,7412.96,7898.02,2781.34,3158.96,4232.09,69.44
9/21/15,4745.96,1548.22,5253.88,2086.74,6240.09,821.66,7232.67,6423.76,6905.89,2611.46,3727.66,3746.85,66.9
9/22/15,4922.8,2095.06,3515.52,3474.28,5489.88,788.68,7966.45,5698.94,5917.95,2504.81,3096.52,3858.06,67.72
9/23/15,4250.1,1594.06,4241.89,2903.48,6191.92,784.62,7912.96,6613.04,8858.34,2874.11,3070.24,4295.84,74.38
9/24/15,5741.01,2270.33,3817.09,3439.81,5826.2,722.58,8455.07,4405.95,5990.78,2238.19,3979.16,2913.46,77.35
9/25/15,3972.78,1780.97,3382.28,3360.72,7354.5,796.68,7805.31,6039.97,7796.03,3414.3,3422.8,2810.02,73.12
9/26/15,4780.95,1939.28,4851.92,2713.6,8078.55,1164.87,4851.03,7000.51,7644.37,2725.38,4187.51,3362.05,74.96
9/27/15,4254.12,1667.67,3667.24,3218.47,5303.89,948.52,7992.24,6240.53,7211.4,2796.57,2710.09,2824.89,68.01
9/28/15,3375.98,1918.67,3803.1,2988.65,5915.09,910.05,8429.1,6669.92,6913.57,2834.56,4024.6,4606.66,65.5
9/29/15,3378.25,2352.25,4434.4,2981.05,6652.22,859.02,6002.48,5780.64,6763.4,2667.81,4178.87,2845.73,62.53
9/30/15,4177.34,1874.72,3288.66,2191.27,5845.12,870.69,8237.93,5830.67,5978.87,3096.84,3777.17,3902.33,73.04
10/1/15,4293.52,2063.96,4971.07,2365.82,7188.98,961.66,7033.87,5142.42,7460.1,1871.22,4261.66,3691.34,70.04
10/2/15,5186.73,1668.41,3848.54,3358.78,5914.9,844.12,6871.58,5800.49,6032.54,2221.1,4626.82,3344.25,76.33
10/3/15,4612.29,1640.81,2768.8,2818.32,5315.74,1055.58,7594.67,5495.16,8498.38,2503.18,3483.9,4164.77,70.45
10/4/15,4930.39,2293.86,3483.66,3226.01,6908.03,1004.68,7343.8,6572.95,7422.55,2419.81,3505.21,2606.66,72.63
10/5/15,4529.78,2087.63,4164.79,3485.71,6325.06,1162.34,8523.51,6864.74,8355.26,2540.61,2850.12,3866.56,75.47
10/6/15,4167.4,2299.92,4971.65,2377.68,6483.04,826.74,5058.4,6701.07,9062.23,2773.02,2966.51,2839.03,70.32
10/7/15,4995.56,1878.34,2939.92,2650.98,6296.87,664.54,7363.25,6055.91,4953.61,2528.79,4331.14,3184.49,68.09
10/8/15,4279.7,1853.63,4506.04,2201.79,7940.84,1153.68,7801.03,4658.23,7735.7,2637.88,1941.12,4695.73,70.94
10/9/15,5878.54,2050.95,3885.58,3480.72,6032.33,884.51,7631.71,4937.63,7574.4,1989.46,3649.23,3741.89,75.71
10/10/15,3535.54,1721.24,3313.4,3135.42,5360.01,882.24,8446.01,6938.53,7211.49,2830.08,3415.06,3243.03,70.3
10/11/15,5404.83,2432.59,4280.19,2881.45,4953.53,1004.49,7805.35,5122.12,8697.76,2271.41,3713.27,3705.48,74.31
10/12/15,4654.61,1972.25,3774.49,3105.53,6585.91,677.85,9186.32,6827.86,4823.26,2788.63,3934.19,3462.08,73.36
10/13/15,3931.44,1735.22,4318.23,2925.15,6281.61,898.48,6549.63,6230.82,9236.26,2450.12,3112.25,3692.9,71.38
10/14/15,5981.02,2257.62,4821.13,3400.83,5931.25,1028.14,7968.33,5861.96,5835,1893.11,4284.05,3407.23,70.83
10/15/15,4248.75,1491.27,3920.45,3588.62,6580.16,945.17,7345.44,6045.59,7966.74,3053.94,3617.69,3876.23,70.65
10/16/15,5033.41,2157.34,4827.31,2635.39,7641.47,793.61,7896.6,5703.27,7824.92,2236.51,3889.34,3925.4,76.32
10/17/15,3377.15,2394.97,3822.69,3179.25,6385.16,987.3,7601.93,6996.23,6937.65,2033.7,3617.38,2188.58,68.78
10/18/15,3599.33,2223.18,4148.36,2751.91,6101.55,1162.95,6478.38,5166.4,8600.52,2525.77,3055.6,2845.86,67.32
10/19/15,4131.47,2119.43,4429.13,3034.06,7152.58,755.51,6763.26,5005.35,6214.13,2857.86,4313.6,3247.68,73.33
10/20/15,4464.07,2064.82,3960.46,2981.07,3684.55,860.52,7785.42,6155.86,8735.3,3195.66,3614.3,3504.21,67.82
10/21/15,5842.63,2267.16,5158.33,3297.3,6932.85,791.14,7278.81,4106.55,7431.41,2502.48,3583.92,4188.75,77.35
10/22/15,3997.76,2158.54,3775.12,2977.4,5977.69,752.51,7937.41,5523.38,7698.27,3224.48,3509.87,2920.56,65.31
10/23/15,4147.57,2227.39,2271.15,3302.88,5229.63,793.2,8397.97,6292.51,8331.34,2394.8,2714.48,4792.13,67.92
10/24/15,6430.87,2096.35,3969.95,3587.62,5300.55,800.8,6874.25,6167.98,7509.56,1851,3296.82,2671.48,77.55
10/25/15,5156.13,2084.04,3751.29,3324.51,6342.63,965.86,7755.58,5619.7,7803.04,2562.36,3517.83,4013.75,72.79
10/26/15,5128.65,1963.12,4591.76,3198.58,7397.06,842.11,6937.83,5662.25,7797.28,2073.74,3284.7,3737.01,73.21
10/27/15,4976.31,2217.12,3621.21,4257.59,4707.25,901.25,8476.03,7200.04,7522.69,2708.84,4040.78,2917.77,73.41
10/28/15,4568,2392.54,4833.95,2289.98,4654.33,880.97,6579.76,6612.94,9451.48,2364.56,3489.16,4214.16,72.75
10/29/15,5063.98,2266.09,5160.88,3357.19,5937.55,887.11,7277.71,4864.68,6640.88,2566.81,3487.17,3775.93,77.07
10/30/15,4218.84,1934.57,4164.49,2535.34,4702.37,915.1,8457.16,6147.66,7970.41,2770.93,3372.37,3467.69,70.55
10/31/15,3622.28,1727.83,4233.17,2927.39,7228.43,1019.07,7351.48,5297.88,7375.78,2126.85,3417.53,3479.15,69.13
11/1/15,4858.57,2329.62,3231.56,3612.86,5353.73,792.39,7488.83,6403.46,6000.61,1905.18,3831.77,3252.99,68.03
11/2/15,4369.6,1870.59,4085.6,2618.13,6155.69,837.28,6125.3,5979.67,6899.05,2336.71,3913.7,3990.71,71.76
11/3/15,4927.39,2115.86,3825.97,3017.57,5448.96,1001.27,6643.48,6109.97,6661.34,1786.54,3775.53,3644.72,67.35
11/4/15,4273.14,1603.47,3430.05,3119.27,7184.02,678.62,8279.6,6460.43,7918.61,2791.31,3651.17,3381.63,68.14
11/5/15,6696.16,2056.15,4675.35,2583.27,6564.7,1153.2,6161.31,4480.21,7628.08,2353.6,4118.07,3803.11,73.84
11/6/15,5451.74,2094.58,3697.71,2737.29,6369.59,753.64,9267.94,5998.51,7005.41,2665.8,3254.79,2286.18,79.03
11/7/15,5190.92,2145.54,4102.53,3022.24,6282.97,899.47,6150.83,5951.03,8767.26,2009.45,2815.71,3886.95,76.03
11/8/15,6449.27,2305.78,4320.9,2692.6,6363.72,604.58,7067.99,6776.44,6727.44,2130.71,4242.82,2426.02,72.84
11/9/15,5843.63,2037.06,3074.76,3041.04,5704.88,771.7,8808.57,6540.26,9146,3101.16,2885.82,3653.58,70.48
11/10/15,5826.67,1857.33,5272.47,2611.34,6547.42,965.49,7373.77,4873.69,6646.81,2529.17,3202.02,4091.44,72.93
11/11/15,7694.48,1918.39,3175.41,3046.55,4440.02,827.93,7974.75,6617.41,5439.1,3242.18,4573.38,3890.27,80.73
11/12/15,6250.58,1210.97,4552.69,2538.38,5909.35,815.62,5924.32,7933.08,9158.73,2364.61,3187.79,4352.81,72.61
11/13/15,8600.39,2728.85,3677.91,2985.33,5720.98,930.04,6304.82,6362.95,6866.36,1957.55,3879.79,2930.83,79.68
11/14/15,5470.67,1612.56,3871.66,3297.61,4974.09,777.5,7003.02,7538.42,7381.16,3417.86,3137.05,3692.97,72.08
11/15/15,7065.25,1807.1,4972.85,3329.75,5391.24,888.93,5998.36,4571.51,7862.98,1987.42,3627.84,3844.04,75.46
11/16/15,5941.91,2232.83,3939.68,3180.88,5431.52,908.96,7472.26,5373.78,6846.51,1825.3,3515.32,3293.77,73.84
11/17/15,4860.24,1923.61,4368.97,2640.43,5651.56,1027.65,6450.57,6484.61,8502.29,2550.95,3019.94,4065.85,70.25
11/18/15,4986.82,2326.98,4500.27,2619.11,5923.51,836.95,7606.72,5917.29,5417.27,2775.01,4354,3443.07,71.96
11/19/15,2445.91,1913.13,4582.9,2541.33,5257.77,713.34,7031.21,7321.6,5826.12,2994.54,3570.53,3414.39,59.97
11/20/15,4065.94,1854.51,4803.39,2752.36,6705.77,965.18,6754.51,4716.33,7607.43,2946.41,3545.35,4415.9,70
11/21/15,3826.87,2294.44,4193.97,3366.21,5271.72,882.63,9270.57,6337.83,6329.49,2797.32,3953.3,3453.4,63.44
11/22/15,4674.58,1489.18,4363.77,2894.05,6297.46,840.8,8311.66,5433.82,8876.22,3045.99,2574.89,4152.16,73.5
11/23/15,5133.2,1847.54,4591.89,2996.42,6862.66,672.56,6908.63,6038.54,7952.01,2512.48,3456.4,2726.82,76.49
11/24/15,3774.48,2419.76,4291.04,3185.69,4255.09,876.89,6131.52,7436.09,6133.87,2571.25,3899.95,3577.55,70.38
11/25/15,4758.01,1756.61,4558.06,2539.54,4837.92,1135.32,6560.79,5224.26,7549.17,2177.95,3385.55,3400.57,69.8
11/26/15,4680.27,1932.71,4028.61,3218.84,5226.54,696.73,8213.35,4069.09,8424.84,2858.02,3225,3924.64,71.7
11/27/15,8745.99,1494.81,4113.5,2493.38,6662.34,811.49,7641.21,7258.25,8458.75,2906.24,3018.57,3930.03,82.99
11/28/15,9941.56,2482.9,5208.51,3742.91,6849.62,955.44,6205.73,6075.25,7099.51,2055.03,4174.63,2709.59,83.64
11/29/15,7887.2,1561.21,3133.12,3125.38,5681.26,698.87,6841.56,5932.07,7095.42,2818.77,3746.65,3727.74,84.29
11/30/15,10238.24,2045.04,4478.04,2924.11,6478.18,935.76,5914.61,6137.02,8802.07,2512.06,3477.79,4589.99,88.61
12/1/15,11279.02,2209.21,3917.4,4042.29,5061.01,842.4,9418.29,5871.84,8903.18,3030.63,4142.36,2980.87,84.08
12/2/15,8566.8,1806.06,3334.63,2461.09,6547.42,704.58,7137.66,6517.64,8281.99,2683.92,2751.71,3902.85,86.45
12/3/15,7952.2,2310.66,4531.95,2302.14,6310.18,1028.17,6951.25,5324.13,8304.76,2454.95,3702.77,3143.13,82.21
12/4/15,5771.34,1605.63,4110.97,3068.57,5591.12,932.28,8314.2,5960.55,8695.33,2651.28,3970.44,3238.51,77.67
12/5/15,4605.56,1762.51,4928.87,2986.4,7011.36,1227.92,7199.61,5655.69,8238.03,2710.1,3268.17,2886.42,70.02
12/6/15,4767.32,2173.9,2966.31,3861.76,6338.8,837.34,8275.4,5983.69,5807.98,2627.34,3747.58,2175.16,69.3
12/7/15,4192.99,2110.68,2659.08,3589.09,5024.59,1170.75,8483.47,5577.35,7815.09,2655.07,3060.51,3761.05,66.97
12/8/15,5390.48,2422.93,4773.96,2528.57,7652.19,936.57,7950.66,5184.54,8002.62,1933.84,4470.76,2977.89,69.61
12/9/15,4349.9,1637.9,4276.13,2985.68,5324.9,911.36,9695.16,7175.42,8870.68,3103.8,4006.75,3600.81,70.37
12/10/15,3646.79,2045.37,4950.71,2810.55,8237.48,978.3,7197.89,4212.7,8863.85,2186.62,3777.19,3094.84,66.25
12/11/15,5253.97,2127.28,2647.22,3199.04,5782.02,802.02,8963.38,5434.36,6412.08,2762.76,4464,2489.67,75.88
12/12/15,3603.98,1850.62,3768.05,2783.18,6290.44,891.28,7785.76,7001.81,9616.94,2871.98,3175.41,3350.39,67.04
12/13/15,5263.24,2364.13,5144.55,2296.44,7279.06,876.28,8632.58,3483.75,5179.82,2016.53,3946.82,2860.36,72.62
12/14/15,4034.97,1663.7,3409.44,3189.27,5847.36,849.5,7707.52,6779.68,8349.37,2788.57,3579.55,3346.07,65.28
12/15/15,4633.03,2290.65,4202.89,2817.56,5933.9,1005.93,6280.82,4599.8,6136.15,2721.66,3378.92,3419.44,67.29
12/16/15,4438.61,1801.5,3912.96,3558.19,5896.32,1011.73,7738.07,5460.5,7295.93,2910.82,4095.39,3217.61,68.23
12/17/15,4143.5,1462.24,3181.85,3063.94,5833.44,971.99,7533.62,6702.39,7917.25,2745.43,2622.77,3673.41,72.45
12/18/15,6344.95,1577.79,5001.27,2555.78,6912.07,981.51,6701.52,5986.47,6353.93,2201.39,3909.66,3096.81,79.83
12/19/15,5101.9,1508.81,4042.27,3645.56,3451.81,784.38,8535.85,7608.36,6719.16,2287.15,3576.83,3545.86,70.6
12/20/15,6764.05,1606.41,4990.77,3597.08,5983.9,990.38,8608.98,6011.12,5805.91,2442.98,2960.95,4100.43,76.68
12/21/15,5535.27,1924.28,3148.93,3945.45,5959.34,843.82,7642.43,6553.99,6558.09,2456.45,3164.54,3662.91,78.48
12/22/15,5896.69,2159.7,4587.5,2926.14,7108.53,1000.46,6815.63,6132.92,9594.06,3036.52,3827.41,4064.67,75.06
12/23/15,8266.25,2408.75,4291.26,3461.14,6179.55,924.88,8602.45,4902.95,7510.6,2735.23,4040.82,4034.56,83.8
12/24/15,3398.36,1391,3710.18,3303.64,4824.89,835.44,9189.99,6693.54,7526.45,2275.95,3311.35,2777.59,66.43
12/25/15,5620.01,2369.87,5052.42,3249.76,5364.5,1062.78,8072.36,4188.09,9114.11,2215.19,3305.74,4657.66,72.58
12/26/15,5265.13,1984.93,4017.31,4287.01,4195.96,1068.85,8479.26,5558.21,6702.76,2927.95,3802.09,4050.07,71.39
12/27/15,4241.55,1692.86,2487.5,3221.08,5182.98,972.75,8777.1,7283.9,7035.38,2580.29,3333.48,4433.5,71.08
12/28/15,5584.68,2298.55,3879.49,2655.69,5589.64,782.76,7522.13,4349.38,6344.44,1962.01,3472.54,3190.9,77.3
12/29/15,3657.37,1898.6,3915.25,3634.98,6612.44,890.93,7349.67,4117.63,7524.03,3032.22,3546.82,3212.67,69.19
12/30/15,5543.56,2086.42,4121.39,2354.78,5916.01,878.89,6788.46,4762.39,7533.15,2597.78,3380.75,3249.53,73.09
12/31/15,4895.06,2156.45,3716.5,3203.46,3819.03,740.38,9738.25,4430.97,8185.3,2436.28,3601.38,2623.77,70
1/1/16,4281.52,1732.18,4260.42,2764.29,6765.65,788.01,8559.43,8105.14,7542.61,2840.09,3147.54,4091.57,66.11
1/2/16,4522.47,2474.27,3576.66,3162.62,7581.56,758.78,7359.8,5244.85,7516.28,2019.41,3970.77,3612.92,66.79
1/3/16,4417.16,1547.47,2982.81,3462.91,5838.42,829.69,6886.35,5239.5,6840.8,3278.7,4254.01,2219.72,71.6
1/4/16,4762.98,1919.78,4160.86,2788.01,8446.26,1068.93,7481.73,5443.86,6458.98,2396.34,3586.22,4343.58,71.57
1/5/16,5602.22,2581.46,4209.86,3861.93,5908.65,934.76,7082.77,4574.33,6989.64,3324.26,3650.84,2818.61,74.03
1/6/16,4733,1780.01,3585.22,3239.77,5107.79,847.47,8700.05,8190.04,8928.3,2281.35,3480.68,3784.79,75.91
1/7/16,4135.95,2062.68,4998.16,3170.09,6381.01,756.49,6992.14,5602.55,6543.28,1970.43,4467.29,3385.57,73.57
1/8/16,3058.72,1981.61,4723.22,3169.89,4317.66,754.65,8671.28,5599.62,7169.92,2911.55,4190.3,3322.43,64.26
1/9/16,5118.53,2346.44,5467.63,2654.56,7267.85,1020.62,5519.16,5348.92,6778.4,2319.77,3277.21,3776.68,69.17
1/10/16,4653.62,2602.72,4589.56,2197.24,5794.3,730.24,5763.94,5324.01,5694.13,2355.09,4623.7,3516.37,71.2
1/11/16,5099.97,1759.29,4117.4,3041.4,5742.72,931.34,7728.86,6060.26,8087.05,3492.41,3816.61,3719.03,73.62
1/12/16,5134.32,2081.14,5088.06,3102.94,6264.85,849.44,6993,4899.37,5936.57,2448.93,4032.18,3783.59,76.28
1/13/16,3602.77,1348.74,4123.69,2840.58,5021.81,665.5,8365.04,5974.06,7782.99,2455.18,4306.36,3927.6,68.92
1/14/16,4770.34,1468,4485.11,3661.9,7050.51,727.77,6034.07,5657.63,9185.75,2284.56,3038.37,3720.5,69.2
1/15/16,4943.79,2213.21,4049.72,3287.37,5732.67,1028.75,8508.37,4863.38,6188.41,2782.29,4160.02,3027.66,74.78
1/16/16,3752.23,1564.61,3386.68,3165.52,6559.87,1007.26,9356.1,6530.19,9179.26,2524.48,3554.19,3814.77,67.14
1/17/16,5264.82,2226.74,4973.49,3105.03,7529.54,677.06,6938.94,5302.02,6666.32,2811.83,3512.69,3343.79,74.51
1/18/16,3954.16,1831.37,3387.14,3640.16,6276.63,844.53,10161.35,4812.45,8011.16,2619.99,3663.11,2775.51,70.9
1/19/16,3358.35,2410.65,3296.69,2737.37,5539.55,682.26,6607.27,6339.93,6076.21,2484.5,3662.02,3157.09,67.33
1/20/16,4679.47,2648.63,3850.22,3126.43,4932.83,829.11,6238.59,5561.55,6729.62,2432.78,4436.89,3682.19,71.8
1/21/16,4298.06,1881.43,3611.91,2565.68,4602.43,830.94,6793.29,7285.17,9149.45,2256.28,3595.5,3274.63,74.17
1/22/16,5361.58,2368.51,3685.48,3449.47,6380.36,846.8,6849.18,5757.31,6515.9,1934.53,3940.04,3243.67,71.64
1/23/16,4062.68,1968.59,3293.35,2921.81,5079.72,873.06,8626.39,6760.49,5965.84,3252.71,3968.04,3019.51,71
1/24/16,5309.14,2218.11,4133.9,3137.87,5488.81,1024.5,6348.86,3849.04,5805.85,2220.59,2348.24,3606.03,77.4
1/25/16,5534.74,2094.46,2896.78,2780.31,5562.12,682.55,8218.48,5172.81,7017.91,2413.72,4057.32,3798.97,78.83
1/26/16,3819.76,1731.3,3501.39,3042.14,4302.85,887.52,7903.7,6448.7,8492.98,2582.93,2413.61,3612.56,67.37
1/27/16,4818.69,2443.45,4018.44,2877.01,6318.46,773.55,6260.94,5785.38,7399.05,2726.15,4251.34,2609.02,76.69
1/28/16,3619.7,1622.02,3822.55,3005.55,5551.02,712.56,8341.36,5498,7377.72,3299.2,3189.99,3860.78,70.92
1/29/16,4135.73,1849.15,4257.18,3596.73,7320.09,885.4,6085.13,5343.86,7716.14,2287.63,2462.24,4458.79,66.11
1/30/16,5197.52,2234.94,4105.64,3565.1,6803.63,760.69,9836.23,4726.74,5701.21,2135.18,3845.68,3029.62,73.16
1/31/16,4052.84,1890.54,3583.01,2661.55,4975.81,954.21,7044.98,6361.95,9174.36,2469.95,3092.38,4027.58,73.06
2/1/16,4906.26,1712.12,4265.44,2873.8,5864.13,821.89,7181.11,5290.35,7543.13,2097.02,3524.53,2647.12,76.8
2/2/16,4227.64,1647.68,4075.22,3914.37,5512.69,742.95,6789.15,7133.58,6375.11,4121.64,4271.07,3677.81,69.2
2/3/16,4933.47,2089.66,4917.51,3089.69,6460.54,1062.48,6120.39,6203.82,8753.14,1962.76,3328.76,4343.75,74.54
2/4/16,5327.98,2439.64,3619.82,3241.46,5573.15,928.93,7533.49,6607.01,6475.75,2479.12,4165.9,2537.81,73.34
2/5/16,4475.38,1961.22,3724.07,2865,5355.61,1313.53,8663.41,6128.24,8540.38,2951.86,3450.7,4298.33,71.61
2/6/16,4896.02,1902.17,5490.06,2266.89,6360.01,849.41,7180.56,4901.57,8330.83,2469.87,3626.85,3868.35,70.98
2/7/16,3948.54,1899.89,4087.79,4192.03,6712.42,997.13,7924.27,7092.21,6852.98,2669.77,3630.49,2591.81,66.67
2/8/16,4680.78,2289.22,3812.18,2821.07,7771.04,813.96,6763.41,5354.75,8906.91,2283.29,3325.55,4360.3,67.15
2/9/16,5404.29,2622.34,3499.16,3061.4,5797.88,969.27,8978.31,4992.99,7078.75,2319.3,3589.62,3714.66,77.31
2/10/16,3763.23,1935.21,4637.49,2033.51,5028.94,991.58,7946.96,7834.86,8222.92,3154.24,3518.31,3903.01,67.4
2/11/16,5350.76,2544.47,3763.79,2666.9,7903.45,979.39,5456.93,6365.37,7309.21,2242.45,3861.54,3207.68,73.25
2/12/16,4455.66,1618.76,3613.99,3731.55,6589.42,686.41,9104.52,5862.32,5853.16,3049.4,4755.07,2746.13,73.32
2/13/16,4272.83,1791.53,4700.19,2670.43,7223.08,1151.78,8643.57,4235.37,7591.32,3187.52,3357.65,4326.36,71.71
2/14/16,5124.39,2078.17,4880.6,3632.48,5712.3,704.07,8454.08,6291.84,6303.35,2057.81,3423.82,3165.42,71.9
2/15/16,3167.13,2047.06,3699.02,2982.77,5165.58,802.59,6488.32,5863.14,7342.46,3072.02,4074.96,4129.52,66.94
2/16/16,5531.74,2130.9,5000.57,2573.01,5445.95,846.5,7195.15,6385.52,6369.69,2511.92,4064.91,3462.44,71.14
2/17/16,5106.87,2109.17,3483.9,3595.22,5497.8,956.05,8474.61,6470.77,6897.45,3139.24,3811.05,3944,68.45
2/18/16,5100.15,2052.45,4369.11,3096.15,7010.43,868.21,6323.07,6310.35,7200.47,2058.43,2736.12,4501.62,76.16
2/19/16,4929.72,1956.8,4056.75,3728.03,5888.86,858.17,8159.68,6904.45,6265.74,2226.18,3976.84,3054.96,75.45
2/20/16,3702.3,2051.9,3963.06,3329.63,6222.27,945.39,7537.88,7169.8,7788.8,3034.9,3070.17,3789,66.57
2/21/16,6171.43,2444.63,5094.38,2691.03,7253.46,985.65,8068.68,6222.25,7241.64,2300.19,3019.99,3236.08,80.25
2/22/16,4246.07,1936.58,4628.04,3263.13,5240.45,710.56,7889.28,5454.59,6634.84,3073.52,3958.67,3207.27,65.76
2/23/16,3433.56,1898.86,5494.99,2434.14,6224.8,1150.84,6996.91,4455.33,8341.34,2611.47,3948.03,3738.62,64.1
2/24/16,6124.55,2564.62,3714.95,3439.16,5114.29,598.11,7454.48,5588.15,6596.21,2504.42,4257.65,3406.59,75.71
2/25/16,5738.14,1503.12,4089.75,2786.16,4501.34,830.63,9104.26,7836.47,8756.6,3341.01,3743.73,4585.47,79.39
2/26/16,5348.31,2303.09,5164.2,3264.39,5146.37,909.98,7252.14,5137.5,8398.56,2805.53,3647.33,3404.06,74.65
2/27/16,4412.42,2174.78,3833.11,3149.6,5435.42,723.47,8904.28,7125.03,6362.33,2956.8,3817.63,3042,72.15
2/28/16,2442,1293.26,4377.84,2316.79,7849.22,955.7,5941.05,6395.22,7603.32,2720.74,3000.7,3365.83,56.62
2/29/16,5788.31,1728.47,3496.07,3265.11,4781.66,858.62,7604.48,5310.44,8279.71,2563.94,4258.99,3680.28,79.15
3/1/16,3793.23,1422.6,3623.4,2511.07,5908.54,948.24,7994.46,6753.49,8465.48,2647.79,2645.39,4538.62,72.48
3/2/16,5762.76,2129.39,5728.77,2383.42,5970.19,1033.33,5779.28,4715.52,6961.4,2610.14,3162.51,3953.19,71.1
3/3/16,4024.87,1701.27,4459.19,2784.44,5290.85,589.02,9821.07,6708.71,6235.32,2696.21,4969.43,3643.75,66.85
3/4/16,4117.3,1687.19,5308.8,2925.47,7039.58,1092.63,5857.5,6054.73,9343.83,2483.15,2901.64,4334.97,64.77
3/5/16,5606.53,2300.78,4024.22,3199.65,5131.01,857.63,6497.43,4681.76,4732.49,2550.52,4036.79,3358.89,71.33
3/6/16,4088.8,1924.8,3315.39,3360.03,4969.52,695.1,7817.54,6822.89,7684.38,3091.9,3401.27,4185.84,72.51
3/7/16,4309.54,2055.26,4374.71,2821.26,7145.12,1131.03,6730.83,6169.45,8014.17,2358.12,3177.45,3400.12,69.19
3/8/16,3663.93,1516.79,3595.42,3670.29,4928.75,864.43,8717.36,5013.64,7405.12,3228.56,4339.71,3215.93,64.22
3/9/16,4172.17,2429.53,4867.5,2658.26,6208.77,789.95,7247.3,6348.88,9526.52,2584.2,3338.33,4168.65,72.15
3/10/16,5738.72,1864.2,4788.12,3282.11,4383.68,577.28,9074.56,5609.82,7021.9,2390.05,4003.58,3463.57,77.71
3/11/16,5335.59,1806.76,3142.69,3020.4,6350.07,554.7,7355.39,6124.63,8558.09,3003.12,3021.22,3971.21,76.9
3/12/16,4300.17,2797.96,4407.53,2838.29,7708.43,826.2,8541.76,5734.51,7481.71,2013.51,3225.31,3963.46,66.72
3/13/16,4643.54,2006.59,4250.07,3327.76,5977.18,648.61,10192.9,6346.68,7215.74,3233.13,4120.48,2834.12,75.42
3/14/16,3478.1,2046.98,4220.01,2969.28,6408.39,1002.56,5692.08,6477.74,7029.03,2664.87,3380.66,3487.38,68.19
3/15/16,5485.24,2418,5016.59,3214.7,6148.27,1004.14,6270.81,4784.05,8765.63,2740.48,3967.69,3614.8,73.88
3/16/16,4899.44,1835.16,2850.46,2791.1,6577.9,1020.4,9244.98,6645.69,8824.12,1998.56,2246.56,4230.12,71.88
3/17/16,4304.35,2645.04,4386.05,2958.33,6208.24,984.76,8158.9,3377.93,7181.77,1537.36,3332.22,3273.03,70.69
3/18/16,4700.99,2091.85,4496.47,3534.59,6484.99,924.59,8554.51,7812.83,5939.69,2741.15,3092.35,4096.46,74.89
3/19/16,4463.64,1726.82,4195.1,2204.07,7007.18,853.04,7519.51,6392.78,9630.2,2433.93,3208.28,3401.3,70.47
3/20/16,5155.85,2245.75,3615.64,3742.78,4967.93,1024.04,8021.66,5452.89,6684.13,2337.46,4287.25,2791.2,70.99
3/21/16,3634.69,1843.97,3377.9,2950.98,5490.4,647.55,9369.27,6742.46,7331.99,2960.06,3836.39,3894.31,70.47
3/22/16,4790.08,1996.63,4108.4,3248.43,6939.38,961.74,9104.96,6080.94,7567.01,2792.2,3669.27,2873.45,74.74
3/23/16,4496.21,1516.21,3324.46,3001.56,6980.4,778.37,8532.45,7312.66,7026.25,3436.22,3770.52,2686.26,72.56
3/24/16,4069.46,2078.07,4525.97,2715.09,7394.16,1010.23,5508.85,5217.64,7336.52,2720.46,4219.76,4114.4,70.94
3/25/16,5509.92,2387.35,5354.56,3584.36,5880.32,818.37,7994.12,5598.41,4793.94,2702.28,3743.9,3990.69,70.32
3/26/16,2786.41,1914.65,4313.61,2634.15,5204.66,824.5,8457.6,6706.01,7653.43,3192.36,3235.56,3704.28,65.37
3/27/16,4808.05,2306.02,5092.04,2916.15,6240.9,1146.83,7316.91,4880.61,6210.62,2400.22,3380.55,3589.33,67.35
3/28/16,5707.3,2075.61,4491.96,3269.64,6301.76,913.66,7253.11,5906.23,6893.77,3144.59,3966.33,2492.7,73
3/29/16,3286.67,1526.54,4548.84,3278.2,8364.62,924.4,5367.54,6555.95,6947.82,2028.67,3022.46,4615.28,67.09
3/30/16,4499.3,2215.85,4563.74,3791.84,5854.84,844.23,6688.35,5849.56,6855.83,2109.12,4367.47,2346.44,75.09
3/31/16,4330.46,2013.47,3572.43,2890.12,5049.81,961.89,8734.55,7429.11,6458.68,2948.31,3197.92,3571.84,68.29
4/1/16,4727.53,2270.03,4000.95,3025.8,6922.63,826.42,8095.55,5473.31,6783.54,2479.54,3469.75,3464.64,70.04
4/2/16,3321.78,1803.81,4058.98,3688.87,4625.45,809.52,7579.04,5907.3,6191.04,3007.83,3682.63,3476.8,65.3
4/3/16,3705.67,2049.85,3596.56,2870.76,7739.28,1107.45,7931.05,7729.47,7444.41,2473.03,2715.15,4408.09,62.89
4/4/16,5561.4,2621.52,4821.66,3622.31,6249.51,770.3,6159.3,5576.55,6843.61,2805.58,3186.47,3193.38,71.5
4/5/16,4336.05,1791.35,3524.87,2602.53,5980.8,916.96,10425.84,6078.65,8209.13,3713.71,2512.54,3943.75,72.96
4/6/16,5801.79,1792.45,4005.67,2678.88,7507.18,876.44,6794.12,4785.99,7316.12,1963.01,3132.79,3906.95,76.92
4/7/16,3311.66,2245.82,3648.07,2887.19,5387.02,899.06,7852.34,6086.11,6658.41,2934.05,4672.32,3268.46,68.5
4/8/16,4451.79,1586.8,4380.7,2580.31,6114.29,827.7,6343.6,7284.91,8291.89,3024.5,2566.02,3091.63,68.34
4/9/16,5237.57,2830.28,3943.62,3880.99,5992.92,1204.53,6054.03,6160.07,6337.46,2587.72,3795.8,2895.42,74.46
4/10/16,4269.22,2148.51,3503.53,3082.3,5986.57,829.89,8698.82,5887.81,8537.48,2973.69,2920.3,3858.74,71.66
4/11/16,4948.1,1992.71,4368.83,2928.05,8242.6,820.24,6766.38,5784.25,8659.91,2421.55,2873.45,2693.37,76.26
4/12/16,4061.52,1766.8,3395.39,3394.4,6797.08,876.56,9954.69,4816.43,6405.17,2582.55,4181.22,3913.61,64.85
4/13/16,4570.34,1996.78,4690.33,3466.28,6033.78,1243.16,7492.93,5882.65,8073.47,2065.54,3299.53,3677.25,72.92
4/14/16,4758.45,2317.56,5148.47,3620.27,4862.35,787.87,7410.07,4462,5856.72,1952.66,3968.56,3298.49,67.92
4/15/16,3409.05,2230.42,4382.47,3151.89,5229.09,902.43,9345.46,5575.57,6656.35,3112.59,3542.99,4411.18,66.13
4/16/16,5069.07,2182.76,4660.61,2445.65,8868.78,983.25,6301.26,5561.82,6345.83,2586.82,2973.32,2939.6,69.53
4/17/16,3257.64,1794.99,3438.79,3392.24,4066.31,891.63,9282.86,5700.5,5403.67,2991.74,4634.74,3455.31,69.23
4/18/16,4242.8,1325.8,5151.58,2479.36,7830.4,1182.91,6520.63,6801.95,6776.82,2723.58,3198.3,4627.43,71.78
4/19/16,5198.82,1323.33,5248.93,3601.06,5412.81,886.77,7248.91,3940.14,7443.27,2547.92,4504.4,3990.85,76.22
4/20/16,4524.48,1840.4,4634.61,2850.28,5683.84,825.95,7280.14,6921.91,8652.53,2870.98,2729.95,3043.75,73.01
4/21/16,5234.94,2536.52,4598.23,2911.71,7358.18,985.92,6609.5,4907.76,7403.98,1579.81,3280.3,3449.4,70.77
4/22/16,3939.48,2090,2725.06,4377.67,3904,818.96,7390.79,6936.7,7709.56,2511.49,3493.83,2899.01,68.63
4/23/16,3884.27,1895.91,3911.96,2703.41,7194.63,1170.25,5601.07,5943.15,9011.5,2102.99,3610.14,3418.11,70.2
4/24/16,5070.61,2039.95,4126.68,3452.81,5490.12,916.93,5326.36,5549.86,8266.8,2459.92,3721.66,3507.07,75.27
4/25/16,4064.88,1973.43,3788.28,3010.98,6462.91,612.78,9687.82,5961.4,8047.21,3283.34,2933.8,4277.67,73.3
4/26/16,5652.62,1807.48,5089.96,2671.69,6422.81,898.1,6329.36,5694.98,6197.34,2301.22,2968.03,4004.86,73.87
4/27/16,2850.49,2455.88,3728.46,3825.14,4917.96,945.44,9529.95,5748.69,6667.25,2726.63,4882.51,3573.04,63.01
4/28/16,4248.15,1455.26,3471.83,2762.25,7934.48,878.25,6990.27,6324.24,8236.41,2183.89,2802.37,4681.25,69.52
4/29/16,4352.45,2162.46,4959.58,3392.22,5705.26,699.87,7828.86,6311.45,4535.18,1993.72,3780.98,3779.46,66.37
4/30/16,5003.84,2042.92,3156.5,3257.1,5751.55,931.51,9408.28,6655.42,8715.34,3230.89,3665.94,3082.67,70.24
5/1/16,5775.08,1868.99,4566.47,2474.22,7514.25,1015.64,7239.6,4025.88,6215.81,2651.34,2907.42,3660.28,71.65
5/2/16,4851.92,2012.27,4193.34,3336.7,5659.05,852.02,9258.2,5353.05,6780.9,2790.52,3980.9,3408.85,73
5/3/16,4340.53,2130.74,3821.91,2536.74,5618.89,1006.3,9001.17,6978.21,6447.38,1880.79,2869.36,3788.88,74.52
5/4/16,4687.83,2337.82,5222.43,3130.97,5110.95,750.35,6956.06,5219.21,7364.73,2472.48,4149.19,2853,67.57
5/5/16,4225.04,1290.39,2921.6,3133.38,5195.71,928.09,8353.17,6593.78,8185.85,2565.41,3322.96,3788.13,69.21
5/6/16,4523.18,1959.78,4756.05,2517.28,7615.33,896.03,6183.18,6041.19,6503.74,2365.13,3479.92,3646.71,74.75
5/7/16,5046.79,1828.7,3599.27,3525.5,6722.96,750.69,6662.97,5037.11,5984.53,2514.24,4452.22,3753.38,68.25
5/8/16,4541.79,1349.18,4505.98,2932.3,6927.3,1094.86,7468.86,6028.05,7513.29,2538.47,2716.92,4739.89,67.56
5/9/16,4744.91,2052.04,4264.5,2783.4,5747.67,981.49,6921.58,5118.82,6137.32,3133.26,3785.58,3047.36,71.97
5/10/16,3817.28,1702.49,3436.1,3482.98,4956.22,834.04,7451.03,5143.16,9417.41,2412.62,3470.39,3315.38,67.13
5/11/16,5336.1,2300.83,4019.03,2215.47,6111.46,1046.21,7991.15,5409.62,3845.47,1948.76,3797.51,3592.61,73.2
5/12/16,3824.3,2134.78,4016.7,3589.89,4846,871.46,8068.8,6192.96,6554.21,2879.24,3935.86,2758.5,68.48
5/13/16,4542.89,1789.21,3458.18,2954.65,7420.57,878.48,6068.69,6321.4,7146.95,1987.42,3109.55,3976.95,71.86
5/14/16,3384.4,2391.91,5097.23,2945.5,4659.36,971.23,7938.04,5991.26,7332.21,2601.03,4395.85,3055.01,65.59
5/15/16,3797.91,2045.01,3495.1,3022.04,6332.66,795.66,9317.13,6640.1,8839.17,3439.13,3062.61,4018.2,63.26
5/16/16,5474.87,2185.97,5592.37,2608.97,5986.46,1050.96,5463.97,5261.32,7111.42,2222.36,4075.61,3957.84,73.83
5/17/16,4685.55,2269.22,4227,3706.25,5103.33,832.52,8135.61,5358.25,7464.24,2979.78,3553.61,3832.5,70.25
5/18/16,4374.88,1944.41,3207.15,2201.44,5579.77,1182.79,7645.41,4727.81,8229.97,1953.81,3200.78,4196.68,72.04
5/19/16,4725.69,2376.07,3819.59,3223.78,4230.72,836.03,8465.57,6949.8,6739.82,2972.91,3336.52,3668.4,71.13
5/20/16,4233.37,1926.06,3015.8,3379.6,4829.19,777.38,8708.27,6656.41,9273.03,2889.02,3987.97,3318.49,70.17
5/21/16,5764.82,1985.13,5423.55,2974.37,6330.31,825.49,6796.83,6270.44,7766.86,2515.49,3625.11,2867.78,74.23
5/22/16,4130.6,2005.07,3315.54,2495.44,6611.32,886.97,7973.7,6131.27,6789.49,3077.8,4936.68,2709.25,70.25
5/23/16,2736.06,1799.57,3054.7,2535.26,7149.03,1135.94,6774.17,6934.54,8579.68,2779.9,2878.33,4508.55,59.56
5/24/16,6122.5,2496.04,4911.61,3099.73,6619.58,858.53,8106.11,5138.69,7060.97,2950.32,4883.47,3352.67,76.53
5/25/16,4500.88,1556.52,3889.42,3021.28,6249.13,678.1,9658.63,6657.04,10042.98,2853.05,3112.57,3281.3,67.36
5/26/16,6962.09,2003.74,4293.51,2165.36,6441.19,1049.36,5392.13,4472.81,6019.47,2991.22,3257.81,4441.05,75.14
5/27/16,6004.95,2263.35,4344.66,2935.35,6159.17,717.09,5703.69,5948.4,6376.49,3636.12,3508.17,3902.91,71.35
5/28/16,7596.59,2028.17,3540.68,2864.45,6848.34,738.12,5254.1,7341.02,9176.1,2225.28,3345.02,4008.38,81.47
5/29/16,8594.61,2285.49,4894.76,3961.28,5442.17,707.55,7741.74,5135.98,8975.59,2553.74,4021.85,3501.95,79.51
5/30/16,7769.07,1863.83,4217.4,3071.1,5565.73,840.89,6949.67,7392.05,9577.51,3739.64,3422.44,4332.8,79.72
5/31/16,6756.77,1596.8,4669.96,2409.8,5382.44,1145.38,6703.47,4527.93,4893.63,2296.15,3675.04,3588.81,76.5
6/1/16,5619.09,2343.75,3662.75,3353.91,5215.78,908.85,8171.71,4592.55,6973.22,2858.26,3316.2,3706.54,70.69
6/2/16,4740.64,1841.63,2814.37,2822.73,7023.14,1200.77,7451.97,7651.46,8115.67,2508.11,3156.47,3983.97,72.01
6/3/16,5397.6,2443.77,4654.54,3230.28,6298.19,841.73,7084.99,5611.77,7196.26,2684.87,4132.86,3449.76,74.64
6/4/16,4648.1,2187.19,3691.48,2975.27,4852.63,728.43,8697.4,6314.66,7779.89,3020.45,1835.14,3202.2,71.77
6/5/16,3940.71,1896.41,5040.01,3258.77,5485.74,1035.82,6569.14,5768.99,7864.27,2790.49,3609.1,4192.02,73.14
6/6/16,5458.11,2143.56,2720.83,4087.24,5560.94,760.79,8787.45,5381.86,6157.02,2840.86,3964.06,3108.21,74.16
6/7/16,4949.98,1839.94,3967.93,2725.53,5274.67,655.39,7766.3,6736.39,7970.94,2561.76,3125.53,4576.26,68.95
6/8/16,5031.21,2420.15,5225.46,2495.88,5261.39,855.81,6863.65,4760.8,7673.4,2109.47,3439.76,2791.87,73.92
6/9/16,4205.39,1907.69,4229.48,3489.32,6606.39,838.72,9953.71,5966.92,7665.12,3046.14,2769.21,2752.58,66.93
6/10/16,5808.38,1990.82,4140.66,2682.12,6011.82,862.98,6745.06,5509.57,6107.43,2225.52,3125.09,3180.16,75.75
6/11/16,4666.08,2019.6,3523.7,3318.09,5665.04,688.34,7471.59,5351.52,7966.65,2681.16,4579.22,3206.69,68.05
6/12/16,5218.55,1869.94,4460.48,2746.96,5497.44,1135.5,7412,6729.68,7750.04,2347.67,2664.04,3992.89,72.54
6/13/16,4989.84,2408.48,4247.46,2375.02,5392.78,958.07,5846.6,6114.36,8163.47,1950.35,3341.09,3383.38,69.14
6/14/16,5211.94,1520.56,4298.8,3316.97,4935.4,807.87,5731.5,8203.32,9270.5,3037.35,3016.95,3672.76,76.99
6/15/16,4488.08,1982.39,4173.17,2982.29,6783.52,974.2,8472.01,6665.65,8479.09,2472.02,3296.78,4580.73,67
6/16/16,5356.41,2292.56,3541.23,3730.95,4791.02,664.87,8907.62,4754.1,6820.26,2641.15,4403.32,3730.8,73.77
6/17/16,4085.77,1749.33,3226.34,2304.59,5995.33,843.08,6884.99,5680.22,8041.59,3001.46,3852.18,2730.8,72.6
6/18/16,5735.83,2575.06,5379.24,2659.72,6842.5,896.49,7296.97,5995.28,7323.06,2641.01,3919.86,3070.98,79.96
6/19/16,4035.48,1842.63,3406,3408.12,6117.33,906.53,9326.09,6932.26,7759.69,3119.64,3347.25,3886.95,66.63
6/20/16,5595.95,1701.63,5244.6,2528.26,6171.94,1111.09,8542.35,6425.86,6503.34,2486,3357.06,4307.85,70.01
6/21/16,4105.06,2125.03,4119.17,3361.71,5420.52,978.7,7052.94,5578.9,7674.04,2922.6,3413.2,3518.45,69.06
6/22/16,3022.87,1867.91,4691.67,3277.33,5506.3,881.31,6417.33,7617.14,7701.23,2478.08,3135.16,3636.7,66.02
6/23/16,5649.28,2135.69,3382.95,3303.52,6706.71,565.43,7290.33,4715.65,6037.45,2587.41,3831.59,3956.13,76.59
6/24/16,4065.89,2056.66,3969.9,3574.79,6517.47,834.35,9821.38,5388.25,6479.42,2792.22,3203.92,3793.21,66.15
6/25/16,4765.98,1759.85,4002.69,2889.33,7103.6,900.3,6952.79,5869.51,7174.33,2236.18,2846.32,3774.38,71.62
6/26/16,5129.57,2454.67,3735.38,2939.3,6047.64,770.75,7080.42,5199.21,7887.54,2769.44,4131.94,3574.21,73.82
6/27/16,4472.45,2174.77,4658.07,2777.84,4925.29,820.26,9719.95,7013.94,7968.66,3156.97,2930.89,3639.71,70.75
6/28/16,6382.47,2130.74,4877.31,3128.12,7020.9,755.62,5744.14,6840.39,5381.51,2215.84,4971.32,3194.4,81.87
6/29/16,5123.21,1468.04,4792.93,3009.61,6276.91,751.43,8237.69,7427.86,6001.59,3363.14,2500.91,4058.36,70.52
6/30/16,4709.15,2034.83,5579.06,3605.53,7273.68,1084.59,6035.18,5762.77,8542.55,2658.47,3571.08,4000.82,67.19
7/1/16,6710.17,2108.55,3914.17,3839.37,5193.85,884.74,8274.92,5476.12,4857.43,2925.38,4526.72,3273.05,77.33
7/2/16,6532.56,1562.66,2591.86,2642.41,7670.82,788.25,6350.76,7248.25,7387.77,2781.1,3473.49,4444.27,75.22
7/3/16,5681.8,2405.93,5263.53,3122.09,5317.3,724.34,6027.59,5849.71,6781.77,2767.64,4034.03,3764.47,72.36
7/4/16,7581.11,1365.94,4068.65,3059.03,4635.13,976.46,9510.36,6999.7,7713.95,2873.84,3049.52,3051.23,74.23
7/5/16,7295.81,2156.93,3672.74,2214.8,6627.47,744.34,7398.2,5823.11,7000.02,2722.61,2645.16,3641.46,76.19
7/6/16,5853.88,2275.71,3222.06,3151.34,5054.01,878.69,8778.24,5331.89,5750.63,2689.41,3623.09,3700.3,71.87
7/7/16,6446.69,1933.09,3395.09,2998.96,5290.72,848.32,6640.37,7116.67,10090.43,2127.6,3621.55,4267.92,72.85
7/8/16,5553.04,2378.39,4422,3109.87,5747.37,756.26,6907.37,4228.04,8031.94,2577.39,4669.88,3275.59,71.52
7/9/16,5783.09,1211.26,3923.59,2843.52,6194.56,653.55,8146.81,7110.24,7532.2,3485.55,3276.14,3738.55,79.4
7/10/16,4965.57,1918.24,3947.79,2790.73,6508.85,826.45,6542.38,6083.92,7065.07,2274.88,2459.2,3199.6,73.81
7/11/16,4457,2189.88,4158.56,3125.83,5228.17,992.15,9863.91,4791.8,7604.61,1890.08,3296.31,3296.74,70.77
7/12/16,3805.16,1745.77,4421.83,2818.47,5483.47,1172.07,6599.89,6982.65,7141.8,2895.7,3019.53,3974.49,64.6
7/13/16,5228.81,2575.22,4973.43,3274.58,7242.18,900.04,5530.22,6242.49,5698.93,2570.1,3528.1,1941.61,69.27
7/14/16,4199.89,1930.47,4109.7,3135.22,5762.94,849.58,8564.58,7413.5,6952.7,3632.06,2648.44,3651.83,64.91
7/15/16,5578.75,1590.4,4255.73,3086.27,7246.76,858.48,6224.97,6245.97,7703.05,2494.28,3347.85,3845.63,71.51
7/16/16,4836.77,1907.39,3994.44,3666.79,4488.69,737.06,7305.16,3961.6,5565.21,2554.44,2972.14,3514.13,69.89
7/17/16,3498.7,1759.66,4426.37,2303.4,7712.45,905.16,6430.85,6453.18,8385.02,2907.71,3328.17,4821.93,70.93
7/18/16,5714.78,2262.58,4244.17,2794.95,7479,744.15,8442.33,4819.72,6025.41,2508.01,4006.16,3081.42,75.02
7/19/16,3948.83,1648.99,3382.37,3383.6,5594.56,765.18,9807.96,6643.43,7806.8,2566.22,4209.81,3012.41,65.64
7/20/16,4275.49,1469.57,4624.81,3176.22,6392.75,865.48,7901.04,5135.15,8224.15,1928.82,4059.03,3695.2,67.57
7/21/16,5385.69,2125.06,3595.93,3280.77,5275,679.85,7249.05,5705.49,9214.31,2630,4694.11,2516.38,74.82
7/22/16,4134.06,1808.96,3874.13,2536.76,4742.18,1058.28,5848.54,5013.43,8197.58,2891.07,2761.82,3711.28,70.78
7/23/16,5193.69,2406,4560.02,2867.04,6844.09,867.86,5846.37,5058.8,5739.52,2685.82,3685.43,2765.25,71.5
7/24/16,4328.93,1684.8,4520.77,3548.63,5957.54,777.89,10149.05,6305.67,8941.39,2891.39,3566.06,3234.99,70.15
7/25/16,5080.61,1671.38,4911.36,2431.13,7275.27,975.74,5181.09,6589.94,6403.49,3079.16,3244.46,3459.9,69.99
7/26/16,4169.94,2183.39,4618.09,2776.71,4474.01,989.76,7637.23,5427.6,5700.47,2651.85,3548.32,3472.28,69.27
7/27/16,3366.48,2036.71,4227.02,2771.91,6432.67,969.09,6926.74,4936.73,9205.43,3239.35,3551.01,4070.39,61.93
7/28/16,5352.24,2461.58,5353.41,2833.59,5964.59,985.06,7396.44,5288.47,6797.11,2389.35,4346.81,3604.92,72.42
7/29/16,3031.56,1494.91,4358.63,3840.57,5094.76,869.67,7638.37,5831.32,6751.93,2949.82,3743.57,3211.57,65
7/30/16,4406.11,1597.32,4519.06,3444.3,6396.55,911.5,7996.55,3442.27,8580.17,2386.46,2344.54,4249,75.11
7/31/16,4844.92,2068.45,4207.49,2987.9,4555.84,746.44,7911.86,4494.26,4875.96,2441.65,4658.73,2668.11,68.02
8/1/16,4835.48,1493.18,4459.59,3208.76,6882.82,803.82,8523.59,6166.37,8913.92,2900.57,3343.15,3748.29,72.68
8/2/16,5201.79,2453.55,4625.52,2903.14,6740.1,1013.26,7936.32,5263.56,7802.33,2390.67,3322.29,2761.04,70.08
8/3/16,3114.18,1514.4,3406.67,3935.08,4730.13,925.5,9182.5,7183.14,5947.58,3565.93,3857.11,3703.09,64.43
8/4/16,5435.47,1580.12,4388.54,3223.51,6925.25,1165.57,7003.6,4521.31,8907.79,2103.98,3672.09,4388.46,77.87
8/5/16,4022.74,2386.82,3521.28,3288.48,5598.55,889.56,8548.14,5689.72,5455.24,3269.07,3786.87,2263.87,69.87
8/6/16,4723.07,1925.17,3152.82,2071.52,5707.02,825.47,7968.63,7159.26,8042.19,2568.83,3965.73,4193.01,69.05
8/7/16,5810.56,2397.21,5017.57,1880.48,7557.7,885.72,6677.25,6233.06,5359.13,1521.54,3770.52,3406.39,72.06
8/8/16,4528.14,1867.76,3113.42,3399.26,5406.22,1014.85,10598.78,6768.88,5142.66,2892.52,3228.57,3135.55,75.8
8/9/16,3410.85,1589.68,3795.52,2887.68,7209.93,943.93,5655.62,6018,7770.09,2124.64,3160.46,3948.61,69.09
8/10/16,4320.31,2091.4,4070.85,2964.84,5972.72,792.32,6632.26,6501.25,6890.65,3049.93,3861.11,4581.39,69.5
8/11/16,3432.45,1716.18,3081.85,3160.25,6751.41,908.85,6546.67,5989.19,7597.75,2552.44,3991.43,4392.27,65.72
8/12/16,4632.56,2189.31,4492.21,2801.16,6916.47,854.99,4895.59,6169.82,6844.33,1999.84,3318.07,3429.89,72.19
8/13/16,3387.68,1759.48,3836.62,3611.21,5175.22,747.78,7322.06,6013.79,7695.44,2950.37,4443.23,3402.72,66.36
8/14/16,4259.61,1811.39,4447.39,2495.33,7925.71,1157.31,7476.15,5630.01,6320.58,2990.39,3968.25,4156.1,65.5
8/15/16,5002.33,2518.16,3670.77,3508.99,6457.56,765.58,7973.99,6454.06,7152.01,2547.53,4810.1,3269.99,72.14
8/16/16,5275.11,1005.99,3409.6,3047.54,6063.96,1062.64,7039.48,7457.42,9339.68,2387.85,2349.7,3709.16,71.1
8/17/16,5646.9,2527.68,4240.02,2697.34,6542.38,1175.58,5589.66,5629.64,8568.78,2392.19,3916.64,3247.39,70.45
8/18/16,2889.28,2006.53,2975.04,3724.22,5797.43,775.97,7318.55,7240.13,7901.36,2491.12,3938.55,2353.52,64.08
8/19/16,5184.54,1656.81,3909.41,2931.2,6215.66,816.27,7431.27,5235.43,9151.3,2092.41,2886.75,3724.72,68.12
8/20/16,3909,2454.11,4819.78,3324.03,6748.63,622.83,7068.8,5568.3,8659.46,3088.88,3363.1,3525.1,72.94
8/21/16,4475.15,1870.42,3229.97,2313.18,6571.12,845.5,8309.93,6715.81,9533.63,2727.37,3283.98,4348.17,73.99
8/22/16,4778.71,2273.3,4858.49,2826.04,7510.41,781.73,6428.83,5484.21,6556.65,2799.54,3292.75,3774.46,74.76
8/23/16,4259.58,1442.88,3054.43,2748.59,5504.64,831.44,7686.29,6227.03,8523.09,3324.7,3325.39,3250.93,73
8/24/16,4120.98,2008.69,4629.59,3180.64,6141.29,929.39,6923.61,6541.87,6166.43,1826.71,3601.46,4603.56,67.03
8/25/16,5429.27,2521.27,2706.85,3105,6113.25,809.61,7259.83,4596.78,6900.37,2502.04,3391.14,3365.55,77.15
8/26/16,4736.99,2167.19,3445.69,2811.33,7290.4,992.21,8756.29,6721.21,7133.68,2781.31,3922.79,3349.93,71.01
8/27/16,6659.31,2091.4,4884.96,2745.23,6932.1,623.1,6195.33,4620.12,6898.82,1765.95,3874.14,3281.49,77.26
8/28/16,3958.58,1603.96,3940.8,3401.02,5748.96,856.97,10049.49,7089.62,7211.27,2564.86,4921.1,3714.43,73.06
8/29/16,5719.45,1721.33,4182.6,3295.95,5280.71,851.2,8060.51,7432.03,8039.64,2650.34,3638.41,3863.87,77.51
8/30/16,4333.79,2437.71,4432.17,3668.13,7132.47,836.4,8510.06,6635.93,5055.24,2195.53,4064.55,3453.37,71.79
8/31/16,5193.56,2153.32,2294.62,2652.4,5522.12,829.77,8587.41,7140.52,8400.77,2510.22,3163.93,3772.03,69.85
9/1/16,8291.77,1929.62,5785.1,2940.43,7532.67,1108.91,6282.78,5188.65,7087.3,2094.62,3788.9,3736.1,79.79
9/2/16,5814.29,1746.82,3680.32,3463.48,4315.23,880.46,8247.7,6629.57,9217.91,2925.69,4400.27,2950.95,70.98
9/3/16,5312.33,1050.63,3928.02,2297.15,6584.65,1199.11,6734.85,5879.38,7587.89,2540.11,3969.64,4349.62,74.29
9/4/16,8983.18,2004.17,3868.45,3031.29,4913.69,860.75,7671.71,6693.35,5387.37,2367.08,4013.8,2967.45,80.02
9/5/16,5597.17,1741.28,3748.87,3330.55,5324.82,829.94,7743.72,7555.33,8854.59,2310.21,3479.15,3630.34,77.84
9/6/16,7361.91,2003.55,4970.95,3283.86,7152.92,790.3,7580.32,5646.55,8670.69,2764.8,3555.22,4029.1,79.59
9/7/16,4140.31,2241.43,3853.48,4050.04,6125.18,711.4,7602.5,6575.74,6015.14,3096.84,3559.53,3311.59,71.81
9/8/16,5520.57,2082.96,4143.72,2525.8,7206.23,841.51,6088.59,6175.09,7583.86,2909.34,3965,4208.71,72.1
9/9/16,4782.45,2406.08,3192.82,3455.53,3335.28,856.5,8027.32,4731.06,6388.58,2767.56,3424.11,3015.73,67.59
9/10/16,4349.75,1974.11,3433.58,2866.05,5259.85,887.76,7590.98,6685.59,8461.75,2889.12,3525.2,4447.1,66.25
9/11/16,4690.09,2184.66,4401.53,3183.32,5599.21,741.41,7527.46,6581.22,5704.35,2193.5,4073.05,2806.83,68.12
9/12/16,4502.25,2306.82,3917.46,3838.05,3982.23,820.57,8316.24,6411.5,7263.01,3439.31,4068.19,2465.76,69.94
9/13/16,4688.4,1786.61,3972.57,2834.21,6871.32,934.16,5442.28,5212.94,9285.83,2643.5,3395.88,3957.26,72.11
9/14/16,4735.65,1924.37,4402.77,3575.63,4960.23,792.93,7609.92,6059.25,6549.69,2333.79,4071.59,3618.03,75.86
9/15/16,4607.45,1555.37,2916.14,3400.35,5006.51,903.96,7444.39,7270.94,9424.05,2854.23,3016.93,3860.76,74.36
9/16/16,4301.92,2645.48,4029.48,2454.69,7061.1,886.56,6626.61,5739.22,7068.34,2405.1,3219.6,2717.06,74.62
9/17/16,4853.95,1827.85,3899.27,4030.92,3717.63,648.82,7697.37,5509.04,6740.3,2767,3100.88,3090.69,74.71
9/18/16,3660.17,2124.12,3890.5,2992.21,6449.23,1022.34,6118.32,4759.03,6701.06,2528.96,4188.35,3637.82,67.35
9/19/16,3322.05,2381.08,4686.18,2994.4,5753.11,869.16,8995.64,5285.8,5580.75,2764.96,4161.36,2325.01,65.8
9/20/16,4093.48,2101.34,4368.93,2664.16,5576.91,936.34,6084.58,7402.43,9309.26,2785.7,3446.83,4398.47,69.69
9/21/16,4746.77,1695.9,4039.76,3121.41,5825.38,702.51,5148.88,3818.89,6280.17,1660.52,3790.09,2924.38,72.59
9/22/16,3781.4,2132.3,4200.98,3345.64,5141.31,765.79,6587.52,7612.1,7488.63,3031.24,3701.48,3578.8,70.22
9/23/16,4632.81,1702.37,4607.79,2706.7,6787.36,1140.69,8079.97,5041.59,8194.16,2588.38,4076.47,3830.53,73.12
9/24/16,5100.77,2340.8,4193.48,3531.14,4187.51,660.6,7319.46,4480.68,6511.6,2226.08,3863.93,3510.03,74.88
9/25/16,5515.84,1947.03,3783.36,3368.07,5044.39,864.08,8253.85,6067.19,8989.25,3034.11,3136.01,3382.79,74.63
9/26/16,5221.39,2432.15,5289.49,2421.56,8179.96,971.09,5579.67,7081.61,7013.73,2762.01,3236.8,3635.64,75.52
9/27/16,3851.77,2356.27,4336.48,3545.61,6672.76,909.35,8786.54,7087.92,6451.16,3025.05,2996.3,3535.18,72.91
9/28/16,4493.45,1970.25,4192.57,3154.37,6782.43,1101.5,6192.79,4881.04,7302.84,1974.78,3313.9,4154.6,68.61
9/29/16,4722.2,2557.6,4049.09,3064.27,4662.73,480.76,8342.32,4908.19,7114.17,2859.92,3535.42,3743.13,74
9/30/16,4643.65,1580.64,4242.76,2686.66,6106.56,968.2,9082.21,6201.23,7054.37,2932.79,3149.21,4352.22,72.15
10/1/16,3997.12,2001.7,3994.13,3139.51,6643.38,723.47,6205.67,5797.73,7925.51,2315.74,3963.46,2809.63,66.72
10/2/16,3261.52,2284.64,3763.25,2604.17,4744.07,922.74,9145.31,4616.42,6164.26,3539.1,3226.02,3252.73,68.16
10/3/16,5508.9,2043.45,3906.12,2894.7,7066.42,935.41,7702.27,7126.3,9236.26,2727.96,3209.59,4828.97,78.83
10/4/16,5223.46,2385.57,3511.95,3360.31,5523.35,766.94,8020.2,6562.03,6067.1,2277.86,3932.82,2600.5,76.82
10/5/16,4254.81,1826.66,4182.21,2387.48,5310.72,851.66,7712.37,7124.11,8015.87,2992.79,3008.8,4056.63,69.34
10/6/16,5434.48,2566.59,4006.6,2427.31,6464.5,1040.62,6146.27,5134.42,7361.64,1765.14,3464.14,3405.51,73.36
10/7/16,3758.17,1923.53,3847.65,3640.4,6461.76,499.72,9484.5,6351.5,7499.1,2868.65,3265.6,3231.99,67.84
10/8/16,4096.66,2019.82,4705,2166.19,6793.57,875.6,7097.57,6991.38,8581.72,2508.22,2840.66,3806.81,66.89
10/9/16,4719.93,2125.05,4231.74,2593.87,7528.11,892.17,8268.29,3770.52,6993.93,2388.02,4110.47,3178.9,73.65
10/10/16,4069.34,1843.75,3269.47,2208.98,6211.83,981.32,8096.09,7315.83,9100.2,3123.95,3823.9,3418.33,65.76
10/11/16,4879.1,2025.13,4994.95,3398.58,7040.17,1040.2,7323.94,5828.07,6667.01,2043.5,3038.02,3650.08,75.49
10/12/16,3746.71,1958.5,4563.54,3487.34,5622.47,734.97,8027.45,6334.64,7047.45,2700.63,3769.06,3232.53,67.88
10/13/16,5527.36,1870.91,4642.04,2433.92,6556.03,983.84,8372.15,5889.24,7737.88,2653.36,3732.67,3446.16,79.09
10/14/16,4585.09,2476.63,5242.65,3118.87,5426.77,957.68,6594.77,5573.64,5880.19,2271.77,3833.42,2958.74,68.43
10/15/16,5606,1314.1,3453.77,3010.79,5346.82,765.15,8307.96,6760.3,9797.96,2951.2,3096.54,3109.77,74.28
10/16/16,5642.88,1681.8,4233.37,3101.04,7195.45,833.54,3537.61,7033.76,7133.23,2798.79,3679.63,3432.92,72.84
10/17/16,3890.05,2067.78,2654.44,3706.59,5851.33,846.68,8529.16,6699.49,6615.58,2377.14,2630.78,2207.15,72.06
10/18/16,5143.09,2076.27,4454.55,2362.17,5758.04,1195.2,9117.68,5569.59,9430.58,2544.82,2369.1,4215.18,74.75
10/19/16,5398.52,2208.31,4363.96,3367.38,6245.07,615.34,8600.71,4919.18,6690.9,2755.06,3737.43,3287.89,74.19
10/20/16,3721.93,2300.6,2830.44,3292.2,6044.75,908.7,7509.99,6130.89,7682.22,3243.05,2870.16,3546.67,72.12
10/21/16,4859.47,2080.48,4386.83,2837.83,6988.47,911.69,7136.68,5906.94,4818.26,3086.64,3334.28,2959.57,74.36
10/22/16,5546.44,2371.91,4237.21,4029.81,5509.32,958.33,10222.98,4712.7,6872.19,2877.52,3055.85,3342.38,76.72
10/23/16,3880.59,1527.67,4137.96,3155.55,6638.04,888.12,7698.02,5777.1,8523.28,2900.07,3089.07,3898.86,67.43
10/24/16,5043.85,1979.97,3198.1,2515.68,5878.57,702.09,8892.68,5938.22,7382.66,2998.97,3737.06,2983.58,68.41
10/25/16,5349.43,1760.36,4766.74,2662.58,5708.36,1003.94,8474.73,6310.68,6453.54,2865.49,4230.81,4630.23,72.98
10/26/16,4957.61,1435.2,4033.9,3565.79,6696.41,1007.03,5879.93,6120.22,5635.85,2799.98,3310.68,3728.57,67.41
10/27/16,4148.33,2051,3145.5,4308.78,5652.91,706.56,7717.87,5980.73,7662.4,2602.98,4121.16,3724.68,68.14
10/28/16,4367.73,1751.05,3778.85,3498.37,8350.97,1071.35,6799.38,6492.28,7458,2163.39,3376.71,3940.19,67.92
10/29/16,4480.31,2185.4,4232.4,2504.64,5607.25,893.36,8831.98,5567.69,5545.99,2261.06,4788.37,3298.28,68.12
10/30/16,2921.39,1487.83,2902.42,2367.34,5940.57,960.35,8087.91,7682.47,6895.47,2578.31,2795.89,3383.04,61.66
10/31/16,5549.57,1649.31,4657.87,2504.2,6770.46,897.95,6387.32,4638.21,8160.48,1878.09,4072.67,3990.89,74.77
11/1/16,4829.43,2227.8,3927.37,3580.85,5076.23,739.49,8622.05,5979.56,7952.34,2659.14,3795.74,3037.62,73.17
11/2/16,3795.85,1519.59,3718.1,2754.27,6266.35,1090.85,6740.1,6942.69,7520.26,2647.39,3302,4410.45,72.52
11/3/16,6364.66,1805.56,4785.46,3379.46,6595.96,927.9,5566.66,6043.46,7833.49,2705.03,4419.61,2371.03,71.76
11/4/16,4584.31,1527.33,3693.96,3686.23,4225.08,763.49,9047.82,7704.32,8332.51,3154.62,2571.33,3506.23,73.13
11/5/16,5259.15,1570.37,4752.91,2592.44,6574.81,938.27,6386.12,6689.41,6278.46,2708.45,2908.39,3279.17,72.3
11/6/16,5515.23,2347.44,3761.42,3777.81,7502.22,774.62,7564.7,5145.33,6031.41,2913.64,4400.03,2746.94,71.39
11/7/16,3884.23,1817.84,4571.8,3172.58,5759.03,1103.75,6489.25,7075.65,8357.36,2175.97,2868.88,4241.47,65.84
11/8/16,7588.26,1846.93,3185.59,3107,6312.19,661.93,10029.62,6097.29,6652.93,2243.84,4286.15,3903.93,81.13
11/9/16,5275.81,1700.19,3962.9,3536.66,6503.44,893.52,8768.65,5599.92,8855.47,2728.17,3828.17,3525.6,69.84
11/10/16,6380.54,1984.52,4057.89,2934.94,7678.39,932.84,5803.06,5971.51,7007.88,2781.6,3988.54,3238.13,80.12
11/11/16,5537.72,2219.11,4140.37,3370.23,5348.7,776.25,10670.86,7090.45,8583.24,2076.97,3477.5,3633.01,74.33
11/12/16,6801.53,1958.43,4226.68,2569,5714.06,1065.63,6577.17,7060.85,6630.38,1890.02,3100.29,3497.15,75.89
11/13/16,6230.04,2311.78,4493.24,2440.89,5128.97,781,7270.41,5859.83,7011.41,2202.5,4283.69,3295.85,71.61
11/14/16,5033.29,1820.09,4187.64,2347.34,5784.71,903.49,7871.68,8124.4,7456.47,2217.73,3453.38,3265.37,75.37
11/15/16,6138.9,1853.11,4156.43,3565.56,8419.89,847.88,6048.45,5401.15,5710.86,2560.5,3525.03,3797.92,73.15
11/16/16,5649.52,2344.55,3227.04,3460.81,6046.67,881.38,8825.81,7760.41,8675.35,2675.6,4309.28,3062.59,78.98
11/17/16,5654.95,1756.35,4193.48,3771.18,7143.19,1044.39,5606.07,5024.66,7358.05,2793.53,3827.73,3352.76,73.76
11/18/16,5160.3,2375.86,4663.26,3498.37,5682.11,978.36,8132.36,6956.56,6867.17,2777.17,3716.45,3084.22,68.12
11/19/16,4088.94,2175.9,3816.68,3118.33,4632.02,953.42,9510.15,6068.99,8457.36,2493.73,3192.78,3683.67,67.51
11/20/16,3826.47,2121.16,4902.55,3186.1,5573.31,813.78,7609.27,6046.99,7907.75,2189.36,3795.34,3516.46,72.45
11/21/16,4082.76,1855.21,3229.08,3295.7,4771.41,853.6,8132.4,6237.35,7835.81,2317.98,4508.35,2756.88,65.69
11/22/16,4150.28,2142.65,4791.51,3232.97,7287.49,1085.99,7926.92,4539.15,8300.25,2822.94,3911.85,4185.21,71.03
11/23/16,5798.89,2217.27,4122.49,3460.6,6804.08,781.03,7279.5,5188.4,7065.76,2336.06,4292.8,4070.96,76.94
11/24/16,4575.12,1838.79,3629.78,3468.22,4604.52,698.36,7652.18,6477.06,9098.7,3034.03,2377.82,2848.38,66.3
11/25/16,11104.47,2043.92,5522.68,3388.23,6691.7,1037.61,6657.8,6217.67,8095.5,2453.52,4684.16,3898.25,92.77
11/26/16,8706.7,2275.74,3730.25,4396.15,6390.46,844.45,8542.9,6481.52,6780.95,2835.31,3737.35,2935.51,76.84
11/27/16,6688.48,1665.06,4188.06,2917.86,6205.28,1023.89,6454.97,7053.85,8141.38,3014.31,3583.41,4381.42,72.75
11/28/16,12277.22,2311.67,4344.49,3288.75,6388.61,840.66,7772.15,5185.72,7675.44,1716.71,4363.21,3147.54,83.57
11/29/16,7547.97,1882.69,3192.04,3276.55,5840.41,884.6,7771.33,6543.16,8971.45,2953.23,2923.54,3858.2,78.56
11/30/16,9901.78,2349.94,3773.32,1845.4,8402.64,984.73,7278.54,5076.16,8332.82,2275.9,3813.95,3174,84.05
12/1/16,5890.76,1795.86,3536.87,3727.61,5271.85,886.73,8858.65,5866.02,7014.47,2305.66,3493.68,3358.59,76.07
12/2/16,6875.98,2013.38,4516.24,1967.69,5260.51,962.7,8488.04,5670.82,8215.63,2260.98,2815.46,3655.55,76.71
12/3/16,4636.55,2288.89,3653.7,3212.2,7323.16,961.16,9043.72,6651.21,6876.88,2421.95,4553.82,2809.25,69.04
12/4/16,3862.69,1967.73,3064.78,2985.9,4968.15,805.93,6404.82,7401.23,8639.47,2795.32,3889.79,3526.65,70.29
12/5/16,4948.33,1612.47,4478.46,2601.25,7041.82,903.02,8020.54,5100.99,8956.6,2610.33,3319.86,3765.12,73.8
12/6/16,5279.68,2059.96,4547.58,2903.4,5669.32,951.16,9458.75,6418.93,6431.15,2719.56,3678.19,3082.05,69.37
12/7/16,4489.05,1932.3,3677.77,2276.89,5623.29,1105.18,4793.03,6071.43,8670.58,3248.51,3762.52,4603.95,72.45
12/8/16,5000.24,2500.97,3795.14,3424.45,5918.23,856.1,9145.09,5740.84,7624.02,2103.4,3841.57,3535.46,75.09
12/9/16,3217.67,1872.64,4269.94,2230.86,4579.52,896.66,9026.6,7263.98,9488.61,2597.16,3344.06,3579.89,68.35
12/10/16,4093.76,2322.39,4823.88,3356.42,5476.21,1017.07,5769.68,5428.46,7336.87,2403.37,3706.21,3149.37,67.53
12/11/16,4343.79,2240.11,3891.75,3552.23,6750.8,653.45,7229.57,6386.31,5989.48,2355.78,4431.87,3319.49,73.07
12/12/16,4388.87,1363.26,3529.97,2444.42,7001.82,953.31,7524.97,5764.52,8374.61,2927.48,3410.29,4331.71,67.48
12/13/16,4791.01,2550.41,4344.71,3677.86,6714.3,1015.63,7843.32,5997.56,7482.93,2400.17,3535.05,3811.26,76.2
12/14/16,3839.39,2040.54,3746.05,3243.99,3282.1,843.1,6830.47,7994.4,5899.21,2578.75,3075.98,4567.11,68.05
12/15/16,4614.92,2125.25,4634.57,2504.92,6692.65,887.09,5056.55,5011.79,6443.13,2327.27,3880.34,2409.45,70.13
12/16/16,5047.09,1739.53,4357.64,3631.71,5380.97,799.69,8973.51,5555.86,7558.78,3174.75,2891.29,3686.2,75.31
12/17/16,3977.4,2154.31,3986.11,2762.94,4911.96,798.34,7484.72,5242.16,8944.12,2983.31,3498.96,4420.38,64.82
12/18/16,5901,2313.42,5143.63,3321.73,5792.11,938.73,7264.34,5341.77,7627.86,1968.66,3933.01,3711.82,71.09
12/19/16,4870.87,1873.1,4287.54,2782.34,6326.41,870.81,7479.68,7139.82,7345.56,2769.39,3178.56,3648.33,73.5
12/20/16,4544.77,2034.66,5143.31,2910.66,7695.66,889.83,6373.86,5673.16,7640.49,1929.67,3380.93,4360.66,75.33
12/21/16,6920.4,2376.08,3169.9,3555.09,6044.71,964.68,8622.71,5036.35,6800.56,2951.35,3824.32,3997.7,80.74
12/22/16,5374.4,1407.68,3754.05,2515.55,5272.22,668.34,6293.78,5233.54,7848.31,3113.02,3345.47,4509.04,74.6
12/23/16,7891.62,2028.59,4291.64,2992.46,6868.45,856.59,7087.82,3911.61,8000.26,2307.6,3822.94,3047.64,83.8
12/24/16,5059.7,1559.11,2855.94,3014.95,5697.55,964.36,7432.08,6619.57,7797.95,2379.31,3560.75,3713.1,74.57
12/25/16,4896.39,2014.43,5252.9,3107.18,6659.22,1068.36,6580.93,4470.73,7707.57,2640.2,3257.95,3342.24,70.59
12/26/16,5719.74,1619.04,3449.96,2835.94,5282.04,813.87,7740.09,5630.01,6253.46,2734.48,3592.19,2968.25,77.61
12/27/16,4333.49,1562.04,4042.48,2675.29,6822.95,791.45,6816.95,6295.82,7661.43,2443.72,3334.33,5183.43,75.02
12/28/16,5548.39,1870.51,4052.49,3160.76,7262.67,912.95,9121.71,5389.19,6756.18,2029.64,3656.06,3251.8,69.97
12/29/16,4196.83,1978.65,4173.42,3174.14,4591.63,874.48,7655.32,6060.09,8568.28,3358.99,2955.62,3960.7,70.91
12/30/16,4893.95,1988.91,4720.02,3169.51,5585.8,780.04,6275.44,5439.41,8612.67,2204.78,3171.86,3494.17,72.62
12/31/16,5543.31,1826.84,4181.91,3260.17,5161.13,646.29,10912.61,7046.16,5616.81,2694.76,4242.55,2746.24,71.77
1/1/17,4233.97,1946.27,4169.53,2841.29,5379.67,830.29,5999.75,6737.67,7717.03,2261.11,3029.37,4573.73,68.39
1/2/17,5996.39,1864.85,4788.1,2699.99,5156.77,821.21,7491.24,5933.35,7021.34,2977.03,4459.79,3306.05,80.95
1/3/17,4580.72,1585.06,4830.42,2474.79,4246.5,809.71,8335.31,6684.87,7800.08,3103.32,4077.39,3918.9,70.13
1/4/17,5405.66,2195.76,5047.25,3635.31,5423.02,897.73,7529.1,6221.57,8038.75,2416.41,3683.44,3856.19,76.53
1/5/17,5249.62,2243.81,3885.5,2967.09,5027.6,1005.8,7789.32,6799.35,5516.97,2706.89,3554.96,2345.82,78.29
1/6/17,3647.28,1505.68,4747.8,2817.54,4706.78,1067.7,7923.38,6196.09,7088.9,2406.17,3921.47,3632.42,70.4
1/7/17,5578.66,2068.1,4202.82,3102.94,5876.64,959.39,6432.93,6126.11,6194.3,2203.26,3549.4,3467.06,70.33
1/8/17,4051.36,1431.33,4223.52,3218.59,6847.09,858.59,8179.64,6550.28,7158.84,3402.33,3546.9,3788.96,71.25
1/9/17,4543.71,1705.9,3927,2767.04,6222.27,945.7,7446.41,5723.87,8800.48,1708.55,2683.61,3519.7,66.8
1/10/17,4935.98,2375.56,3362.76,3482.84,5039.71,883.17,9187.52,6431.86,6897.92,3367.9,3831.21,3261,73.01
1/11/17,4125.56,2102.3,3670.61,2629.43,6207.71,975.17,7434.15,6302.22,7154.97,2454.37,3478.97,4795.78,73.63
1/12/17,5100.57,1982.67,3274.15,2624.17,5317.18,1031.68,7461.47,5661.81,7752.93,2249.39,3757.81,3500.17,70.16
1/13/17,4499.84,1809.66,3506.64,2931.53,5186.99,1051.38,10399.62,6156.17,7537.78,3430.08,2995,4314.23,75.07
1/14/17,4534.34,2294.78,4211.74,2448.51,6361.15,1135.81,6681.65,5355.89,7232.46,2226.65,2514.81,3450.32,71.45
1/15/17,5401.57,1945.62,5068.36,3401.89,5190.15,808.38,8363.28,4600.58,7253.9,2558.42,3601.02,3604.64,74.68
1/16/17,3409.2,1471.23,4433.22,2565.78,6558.6,961.19,7426.33,5789.39,8110.37,2777.75,3204.69,4578.19,62.73
1/17/17,4482.13,2256.8,4772.61,2136.81,7593.02,710.12,6487.6,5805.98,4911.76,2454.93,3574.01,3139.38,71.41
1/18/17,4600.38,1789.21,4070.85,3452.48,4743.7,929.46,8504.6,5592.19,7826.42,2902.03,3437.06,3665.96,69.22
1/19/17,5010.29,2059.39,4220.13,1834.89,7434.05,813.32,4683.37,5339.84,8168.45,2334.51,3485.81,3131.69,67.97
1/20/17,4037.28,2020.79,4297.84,3640.5,4881.6,853.36,8280.33,5633.76,5871.21,2166.71,4031.44,3407.59,64.22
1/21/17,3861.23,1953.12,4500.56,3172.82,6495.4,977.08,7942,6081.94,7594.54,2667.93,3194.98,3787.29,68.21
1/22/17,5793.09,2340.18,4121.79,3304.43,6705.9,937.7,7374.86,4889.33,6768.65,2465.05,3694.32,3263.48,73.93
1/23/17,4500.07,2110.34,3717.63,3672.29,6822.28,693.29,8441.03,7244.14,8035.75,2998.27,2834.56,3429.15,66.05
1/24/17,4847.79,2157.18,4461.13,2783.4,7462.2,766.07,7909.92,6700.72,7965.71,1779.98,3394.26,2826.5,74.3
1/25/17,4963.78,2053.4,4178.74,4146.13,6348.25,892.98,6564.4,5354.55,7960.19,2920.66,3885.39,3443.41,75.75
1/26/17,3823.16,1594.88,4591.4,3047,5082.47,1038.32,6153.88,5796.16,6258.67,2994.73,3474.98,4028.02,65.86
1/27/17,4891.56,1832.16,4607.75,2715.35,5587.64,936.37,6418.16,5515.85,6175.71,2601.05,3024.73,3079.1,70.76
1/28/17,4156.2,1962.99,4657.81,3549.35,7035.48,736.67,9366.24,6619.38,6545.17,2651.54,3538.18,3433.22,65.62
1/29/17,4760.19,2345.71,5057.91,2226.05,6453.84,1097.52,6767.81,5604.1,5761.1,2733.71,2290.95,3793.59,71.49
1/30/17,4760.97,2085.74,3590.12,3461.76,5568.28,753.67,5987.1,3870.3,7676.37,2731.04,3213.72,4038.53,67.18
1/31/17,4088.24,1822.26,4363.86,2498.33,6272.28,972.19,8184.99,6375.3,9405.41,2895.35,3063.33,4159.75,69.8
2/1/17,5616.38,1849.09,4193.14,3539.76,6779.11,1037.33,6968.92,3158.08,8480.47,2892.69,3485.2,2951.91,75.5
2/2/17,3577.24,1742.95,4672.29,3206.92,4983.66,782.29,9629.22,5147.05,6417.92,2849.34,3702.28,4111.66,64.09
2/3/17,5135.46,2247.99,4812.65,2488.88,6318.74,872.67,4770.74,4772.39,7408.2,2277.77,3361.22,3777.4,77.9
2/4/17,4716.77,1382.8,4011.7,3000.92,6581.92,780.52,7223.89,6385.95,6553.82,2427.88,3554.87,2684.08,70.07
2/5/17,3844.77,1920.99,4513,3085.54,5658.2,904.68,8663.45,6618.78,8064.23,2964.69,3648.23,3380.26,63.54
2/6/17,6029.27,1755.18,4870.54,2536.57,5853.01,1003.04,7440.62,5866.96,7662.96,2885.79,4358.13,3540.19,71.91
2/7/17,5081.27,1934.12,3632.58,3166.68,6572.72,860.82,7786.84,7342.11,7154.74,3229.69,3950.78,3632.65,69.48
2/8/17,4613.48,1751.94,4753.35,2870.91,6021.74,952.29,6915.83,5272.17,7114.26,2287.06,3068.63,3611.21,73.39
2/9/17,5100.45,2148.03,5092.67,3731.45,5795.81,728.31,6904.57,6538.13,6450.86,2275.54,3186.66,3529.51,77.17
2/10/17,4300.29,2199.09,4844.16,2293.58,5904.4,790.94,8116.74,6276.76,8023.91,2541.88,3385.62,3395.18,71.07
2/11/17,5742.88,2178.85,4005.9,3276.62,7175.83,903.08,7355.85,6128.76,8079.23,2036.69,3316.62,2902.78,71.34
2/12/17,3432.26,1994.96,3993.23,3124.77,5139.36,645.56,7864.42,6585.87,8108.48,2898.79,3832.91,3993.63,66.4
2/13/17,3832.07,2192.68,4765.6,2420.59,7397,1007.99,6987.88,5635.63,7406.97,2436.54,3575.59,3575.91,70.9
2/14/17,4333.35,2013.63,4303.44,3657.09,4571.5,984.94,7858.21,4609.33,5779.27,2318.03,3805.52,3313.14,66.94
2/15/17,4570.62,1898.19,3340.54,2681.98,6678.62,942.55,7301.23,5179.9,7028.06,2894.52,3102.3,5254.01,66.59
2/16/17,5557.71,1758.2,3574.85,2857.65,6302.32,772.08,6866.91,6115.94,6442.83,2248.55,3312.06,3428.73,73.67
2/17/17,4690.61,2283.22,2150.38,2935.58,6242.83,744.33,9786.65,5827.27,7395.09,2940.06,3381.63,3468.57,69.41
2/18/17,4908.52,1969.61,4235.14,3138.46,6444.25,1033.66,6954.67,6954.95,8324.18,2524.9,2621.93,4114.3,73
2/19/17,4405.27,2116.98,4054.32,3075.35,5296.25,817.69,8713.79,5796.38,5979.69,3015.64,4699.57,3390.25,71.16
2/20/17,3996.35,1889.87,3487.17,2168.58,7769.86,827.39,9037.03,5771.8,8617.35,2770.25,2578.89,4546.4,71.55
2/21/17,5604.34,1957.58,4069.43,3012.63,7971.36,957.43,6924.81,5206.91,6433.37,2622.33,3039.85,2597.72,75.53
2/22/17,4105.44,2417.31,3628.19,3269.25,6968.67,792.51,7802.74,7499.65,7628.25,3074.6,3341.18,3726.89,66.43
2/23/17,4552.38,1922.58,4253.87,2344.57,5639.71,1100.64,7938.21,5170.52,8077.06,2490.45,3695,3549.68,74.17
2/24/17,4996.31,2039.12,4486.53,3508.57,5595.66,649.57,7083.86,6103.38,5652.63,3030.84,4399.51,2663.14,72.31
2/25/17,3818.08,1697.97,4148.21,3004.44,5871.5,1064.9,7784.48,7870.26,6776,2740.74,3485.33,3923.69,65.55
2/26/17,4497.29,2050.11,4152.35,3641.07,6003.71,860.79,6434.39,4760.22,7395.26,1632.67,3347.3,3605.34,72.73
2/27/17,4722.64,1726.52,4053.71,3300.87,4495.07,872.31,8028.91,6249.38,7494.59,3140.97,3865.63,3972.45,75.71
2/28/17,3832.27,2400.05,3759.31,3295.46,7095.84,1011.22,6881.25,5928.76,8474.09,3184.59,4299.73,3820.61,69.54
3/1/17,4933.76,1844.83,4765.51,2934.76,6398.87,829.9,7429.65,5862.71,7812.01,2943.56,3359.4,3722.72,73.64
3/2/17,3432.33,2463.18,4085.85,3493.51,5768.02,1021.64,8227.46,6283.31,7600.5,2966.6,3590.94,4001.45,69.21
3/3/17,5452.21,1904.33,5193.48,3173.07,7048.55,875.42,6579.4,5671.71,6814.77,1820.03,3481.71,3781.33,72.17
3/4/17,4013.08,1809.43,1810.76,3727.29,6877.33,882.97,8078.69,5212.34,7819.97,2687.85,4260.55,3944.06,73.16
3/5/17,5221.48,1727.12,4106.44,3121.15,5878.42,1133.89,8755.45,5813.43,7878.33,2302.62,3007.3,3447.14,74.36
3/6/17,4862.78,2254.62,3822.96,3096.31,5767.64,782.44,6150.13,4367.87,6565.38,2788.04,3890.77,3276.23,67.75
3/7/17,4240.27,1765.84,4310.01,2767.07,6530.81,877.67,7305.16,5217.55,7622.01,2291.13,3283.7,3878.08,66.95
3/8/17,4929.18,2585.55,4306.31,2756.77,6326.55,1021.07,8155.01,5347.5,7029.22,2063.19,3400.37,2980.74,74.71
3/9/17,2980.43,2201.29,3298.56,3008.47,6380.22,870.94,9327.85,5700.57,8158,2869.63,3095.19,3339.89,64.44
3/10/17,4238.73,2153.32,3825.11,2968.04,6380.63,1087.89,7683.55,6122.01,6797.64,2451.68,3878.65,4198.87,72.66
3/11/17,4631.49,2076.35,4025.55,2937.55,6407.51,819.66,8751.98,3969.1,6207.27,3093.11,2834.56,3753.77,70.55
3/12/17,4843.39,1278.2,4176.8,3352.95,5723.66,853.5,7589.79,6079.9,7324.48,2793.28,3961.98,4758.51,68.66
3/13/17,4619.62,1794.56,3417.73,3518.37,6669.03,1112.05,8458.82,3951.1,6910.47,1982.28,3476.91,3261.29,72.54
3/14/17,3857.13,2138.5,3751.29,2982.11,4426.91,828.92,7882.79,6122.53,8261.24,2570.24,4236.27,4235.89,65.93
3/15/17,5183.92,2025.56,4034.97,2139.85,6022.5,997.52,5509.04,6471.72,7426.02,2645.69,3337.62,3640.38,73.61
3/16/17,4327.33,2133.69,4091.74,3601.77,5465.98,725.45,9255.86,6251.85,7026.81,2790.59,4211.49,3563.63,65.45
3/17/17,3294.73,1896.41,2478.01,2622.46,6135.06,802.25,7480.26,6581,7971.15,2143.91,3581.34,3210.15,64.02
3/18/17,5574.88,2016.83,5034.76,3240.65,7259.3,978.58,5061.7,4860.47,6335.81,2577.79,3771.91,3970.92,74.47
3/19/17,3969.27,2241.83,4302.08,2935,5277.73,954.6,6421.81,6320.54,6768.07,3104.79,3446.96,4193.21,67.89
3/20/17,4894.9,2019.82,4096.39,3322.19,5523.98,1053.35,6289.43,5930.79,7465.16,2514.6,3331.83,3785.67,73.96
3/21/17,5642.56,1960.73,4883.04,3843.64,6551,838.87,7155.29,5314.18,7143.35,1984.95,3756.22,3155.65,75.27
3/22/17,4918.65,2029.45,3725.09,3375.51,6675.09,1037.54,7435.9,5989.64,9285.1,2921.48,4134.49,3330.03,67.25
3/23/17,4464.64,1970.79,4281.37,3157.4,6010.3,1106.24,8069.05,6727.96,6750.58,2582.28,4170.97,3542.39,70.07
3/24/17,4398.54,2260.32,3992.02,3536.38,4706.13,914.46,8570.08,7348.14,7418.21,2164.05,2746.39,3241.93,68.15
3/25/17,5197.3,2137.18,3787.3,2704.66,5777.6,926.22,5984.36,5458.92,8698.02,2582.5,2838.75,4420.1,76.3
3/26/17,5284.61,2051.29,3471.68,3804.6,7027.53,865.01,5862.23,5411.45,6295.76,2983.82,4128.56,3366.9,78.58
3/27/17,4042.24,1889.19,3921.63,2953.72,7288.78,943.44,8979.84,6309.61,8992.08,2563.54,2642.91,3350.21,65.67
3/28/17,4397.87,2315.2,4545.84,3236.55,5017.28,887.54,5445.72,5491.9,8324.14,2407.55,4183.81,2927.75,69.54
3/29/17,4127.17,1859.37,4058.58,2983.08,4778.96,909.33,7327.13,5304.32,8427.66,2252.85,4163.3,3867.38,69.32
3/30/17,5078,1817.78,4238.03,2892.3,4979.49,995.54,6895.27,5625.47,8109.2,3078.2,3230.43,4008.57,75.32
3/31/17,5673.02,2150.22,3728.02,2807.09,5822.3,818.91,7433.52,6537.39,6781,2585.15,4133.95,3001.83,75.72
4/1/17,5138.99,2068.85,4279.16,2965.19,7570.13,806.74,8702.43,7567.8,8089.18,2293.89,3037.17,4497.31,72.63
4/2/17,4351.83,1900.42,3794.03,2972.66,5432.4,1067.34,6723.33,5358.77,3866.67,2535.04,3212.6,3436.11,72.4
4/3/17,3918.95,2718.59,3904.6,3206.55,4823.26,766.92,8278.35,6874.32,6157.34,3186.65,3149.72,3156.02,68.32
4/4/17,4420.42,1561.19,3744.23,2213.2,7055.62,1178.04,6222.77,5987.39,8577.28,3029.58,3651.28,4063.06,74.65
4/5/17,3871.86,2413.54,4214.72,3550.49,5793.81,733.07,7148.33,4627.42,7645,2524.61,4148.34,3506.52,66.75
4/6/17,4046.72,2019.25,3949.98,2594.88,5846.88,902.88,7417.82,7024.4,7839.59,2849.18,3883.17,3543.67,66.46
4/7/17,5966.02,2250.1,4676.74,3066.75,4993.78,814.67,6176.26,5618.16,5712.68,2277.05,3279.07,3575.93,77.92
4/8/17,4210.45,2308.41,4702.22,2408.76,5317.39,862.59,7070.97,5788.01,7212.85,3162.24,3989.74,4585.29,69.99
4/9/17,4855.66,1546.44,4713.6,3003.71,6115.79,1031.57,6368.62,6767.38,7885.23,2885.59,4249.65,3971.81,70.8
4/10/17,4458.78,2177.82,4746.26,3004.91,6618.85,824.99,7972.06,5645.35,7756.29,2690.81,4563.48,3774.5,75.05
4/11/17,5032.63,1662.76,3489.53,3421.14,5935.08,1079.29,7495.03,6689.5,6887.81,3003.97,4034.26,3092.73,76.81
4/12/17,6172.21,2019.9,4557.92,2984.9,5387.71,946.57,7080.7,5390.28,5445.32,2731.25,3819.71,4202.29,78.12
4/13/17,2997.94,1599.46,3756.74,3425.47,5553.46,743.1,8051.39,5743.04,8475.9,2954.25,2842.59,3766.7,66.22
4/14/17,5172.09,2098.31,4183.54,2927.34,5862.45,1186.01,7488.38,7214.62,10358.06,2475.21,3148.8,3440.95,71.68
4/15/17,5373.4,1967.12,4226.1,2984.95,6714.99,893.87,7198.77,5197.14,6240.59,2620.07,2692.52,3271.03,70.42
4/16/17,4235.78,1740.91,3801.1,3246.53,7040.48,752.67,6646.95,5885.98,7542.44,2546.62,3977.12,3452.77,71.96
4/17/17,5232.52,2571.54,4628.3,2670.2,5699.43,892.54,7569.51,4562.69,6538.8,2274.75,4001.62,3695.82,69.96
4/18/17,4498.39,1888.14,3713.2,2833.11,5102.56,894.34,8414.9,5443.36,7818.09,2793.59,3696.59,3394.97,70.4
4/19/17,5246.97,2030.93,4042.25,2154.02,7619.69,875.26,7445.56,7672.69,6796.25,3283.01,3466.91,3573.17,75.28
4/20/17,5509.99,2569.63,5041.89,3035.88,5211.84,970.67,8178.5,4523.6,6582.82,2500.7,3773.71,2657.78,78.93
4/21/17,4322.79,2187.74,3866.8,2749.01,5939.28,863.83,9069.18,4893.99,8585.93,2586.24,3174.26,3783.75,69.73
4/22/17,4233.58,2010.69,4457.28,2615.25,6670.11,946.56,4865.74,4144.6,8306.76,2366.06,3512.65,3749.01,68.07
4/23/17,4397.58,2013.49,4062.88,3196.36,5449.6,828.96,5454.05,6980.35,8796.52,3294.74,4260.16,3709.08,73.92
4/24/17,4470.24,1901.43,3835.15,2480.39,6381.9,833.16,7777.35,6332.21,8026.79,2916.6,2365.79,3682.57,69.19
4/25/17,5129.97,2411.36,4383.5,3291.06,6354.23,872.62,8224.33,6281.84,7134,2650.15,4081.21,2649.01,71
4/26/17,4138.88,1670.45,3597.85,2928.33,8299.69,864.22,8251.79,6298.47,8599.01,2701.77,3131.99,3433.87,68.36
4/27/17,4843.63,2039.66,5075.07,3000.41,5881.99,924.39,5390.83,4954.99,7635.37,2756.73,3249.2,3394.79,67.68
4/28/17,4908.96,1739.9,4115.65,2945.5,6341.32,790.14,6929.06,6602.15,7441.79,2255.48,3730.08,3504.87,71.21
4/29/17,4247.7,1918.89,5614.23,2729.22,7642.27,887.56,5521.34,7211.81,7111.6,2756.78,3449.91,3312.08,73.77
4/30/17,4991.65,2251.42,4338.48,3274.61,6769.81,950.05,6682.35,6989.38,6446.17,2688.81,3778.1,2738.27,73.09
5/1/17,4534.48,1997.09,2379.26,2818.41,6726.01,1024.43,7813.52,7060.31,7316.61,2469.87,3447.58,3200.49,67.53
5/2/17,5126.88,1969.14,4330.95,3205.13,4989.41,915.19,7293.58,5053.62,7206.98,2059.14,3941.09,4035.74,71.79
5/3/17,4863.51,1775.55,3506.29,3035.39,4864.01,739.74,8006.74,5917.51,8892.79,2683.88,4336.16,3915.87,72.06
5/4/17,3220.4,1884.04,3942.87,2810.38,7073.54,1103.19,7183.72,7219.56,8732.43,2334.4,2398.67,3331.44,67.85
5/5/17,5847.1,2062.51,3858.97,3190.11,6709.87,875.86,6812.29,6037.98,5551.56,2650.89,3111.19,3158.04,75.72
5/6/17,4043,2076.14,4157.67,3375.24,6130.68,844.96,8407.83,6234.38,8960.52,2720.98,3235.67,3927.44,71.75
5/7/17,4689.9,1979.82,4140.69,2990.13,5890.64,818.21,4959.87,5401.31,7655.09,2604.39,3516.94,2968.25,67.87
5/8/17,4903.24,2059.41,4825.9,3091.63,6137.16,806.34,9307.08,6591.7,7776,2100.99,3357.81,4097.01,67.51
5/9/17,4932.26,1914.09,4638.82,2573.99,7388.66,946.85,8337.47,5969.96,6938.21,2481.06,2549.64,2916.21,68.91
5/10/17,4897.87,1832.71,4848.46,2958.23,6642.69,655.9,7230.87,4636.44,4350.04,2695.15,4361.07,2823.39,76.66
5/11/17,4400.4,1978.66,3134.46,2783,6225.61,1053.39,8836.36,4653.6,7734.18,2163.11,3703.87,3565.49,66.94
5/12/17,4719.15,1713.08,4875.52,3064.49,6334.28,822.92,7235.86,6729.78,6846.18,2434.14,3812.41,3731.34,73.01
5/13/17,4449.95,2064.45,4206.71,3000.21,6934.43,932.54,7268.75,6283.21,6568.56,2316.49,3414.54,3256.11,68.48
5/14/17,4350.78,2030.69,3996.5,3196.99,7039.8,1122.76,7626.15,7977.36,7139.21,2727.21,3149.84,4583.16,66.37
5/15/17,5347.73,1993.52,4788.87,3480.79,6031.43,759.92,6678.65,5207.44,6378.22,2300.99,3481.14,2818.23,74.74
5/16/17,3679.13,1922.65,3784.23,3464.3,5809.67,770.1,8446.33,5669.59,6612.92,2772.71,4034.54,3945.35,72.01
5/17/17,4144.15,2020.24,4462.97,2426.75,5474.13,1135.06,7034.06,6804.77,7598.22,2529.18,3923.01,3567.46,72.3
5/18/17,4659.1,2456.58,4499.65,3210.31,6096.21,611.33,8383.95,5873.17,7494.54,2737.41,3529.7,3179.68,75.35
5/19/17,4373.08,1886.78,4796.58,2810.05,6373.57,929.91,6764.25,6139.94,7108.95,3012.16,3388.07,3939.7,73.85
5/20/17,5278.76,2108.32,4256.72,2987.8,6783.39,923.4,9414.35,5961.51,6953.77,3166.46,3395.68,2812.87,74.91
5/21/17,3427.12,2098.5,3428.88,3420.07,6711.37,836.53,6795.2,6820.72,6162.57,2065.39,3564.09,3958.6,65.94
5/22/17,5661.18,2090.81,4402.84,2696.49,7075.76,720.97,8111.59,5131.37,7620.9,2103.96,3318.25,3798.14,73.83
5/23/17,5602.35,1942.75,3537.33,3416.25,5630.86,890.88,7247.16,5973.95,8271.8,2458.64,3713.51,3122.15,76.91
5/24/17,4682.28,1511.73,4640.62,3090.45,5889.61,987.19,8222.99,7261.33,6952.6,2204.08,2676.95,3526.21,73.65
5/25/17,5744.86,2304.67,4885.11,3838.19,6517.11,797.18,7448.16,7218.21,6942.76,3430.9,3724.69,3048.91,73
5/26/17,6324.94,1972.07,4821.02,3058.94,7532.93,845.83,8036.52,6977.85,7571.22,1945.53,3299.97,3449.22,77.13
5/27/17,8660.38,1998.26,4077.99,3268.59,6253.39,1034.36,7442.01,4902.64,6861.38,2110.03,3010.9,2954.34,85.97
5/28/17,9490.79,2209.6,4971.26,3488.89,5461.34,875.75,7688.25,5620.52,8653.44,2236.94,3964.12,3772.36,78.29
5/29/17,9778.99,1874.53,4255.2,2755.02,7255.08,931.6,6813.57,5028.1,7980.37,2144.08,2876.87,3991.49,81.68
5/30/17,6095.86,2031.87,3579.96,3030.87,5968.07,860.4,7066.05,6156.47,6235.16,3223.49,3963.81,3425.04,72.84
5/31/17,4803.83,2002.17,3049.27,2789.51,5459.98,964.63,9126.58,4998.47,6619.66,1981.99,3911.57,4505.78,76.62
6/1/17,4646.64,1691.41,4422.11,2419.64,6465.65,972.78,7304.93,6300.25,6229.88,2235.48,3108.2,2743.86,70.05
6/2/17,4987.2,2114.78,4567.44,3512.69,5377.11,833.75,8332.82,4484.16,6849.32,3029.41,4467.19,4069.14,69.26
6/3/17,4152.09,2176.97,4036.8,1908.31,6850.32,1002.49,5692.84,6324.04,5872.05,2442.85,3642.37,3994.77,65.62
6/4/17,5071.66,1497.56,4195.54,2844.31,6480.37,966.72,8731.11,5632.67,5818.29,2479.4,3085.59,2519.07,74.68
6/5/17,4562.52,1674.49,3677.46,3044.22,6146.92,1003.66,7939.05,6938.71,7911.82,2194.26,3481.21,4518.79,71.53
6/6/17,5109.47,2174.03,3713.04,3215.36,4854.84,1105.11,4900.71,4652.56,8321.21,2366.91,3297.47,3867.82,72.31
6/7/17,4906.8,2036.38,4212.57,2989.43,4487.33,825.23,6065.22,4864.81,8245.11,3159.85,3017.21,3529.86,70
6/8/17,5776.36,1776.16,4279.66,3100.74,6815.8,1013.6,7096.11,5164.65,8901.28,2919.73,3390.84,4334.29,74.26
6/9/17,4599.1,1576.75,4029.69,3669.94,6788.84,788.15,8546.96,5349.82,7588.83,2451.02,4811.05,2714.25,67.43
6/10/17,4412.82,1751.63,3517.1,2814.18,7420.25,841.99,6171.17,4984.15,9578.23,2801.38,3683.85,3482.63,70.9
6/11/17,3291.32,2027.94,3800.91,3615.4,5903.43,1037.28,6608.94,4351.71,6843.23,2365.34,3369.65,3597.43,69.91
6/12/17,5419.67,2303.29,4973.18,3566.26,4865,765.19,7765.31,5498,7213.12,2019.69,4229.1,3713.37,77.08
6/13/17,4227.73,1665.11,4243.63,2973.52,6318.84,941.64,5180.84,7462.62,7152.33,2449.35,2984.87,3904.21,74.37
6/14/17,5040.51,2052.8,4548.44,3343.47,7383.1,976.14,8566.72,4178,7058.06,2850.33,3866.67,3442.22,71.67
6/15/17,3528.67,1797.57,3224.71,3050.39,5998.57,975.03,8428.91,6518.36,7875.4,2521.14,3961.32,3957.69,69.21
6/16/17,4790.9,2214.82,4824.03,2945.05,6607.48,1060.27,8222.54,6392.19,7918.28,3030.47,4009.66,3539.01,69.42
6/17/17,4193.87,2419.04,3841.23,3125.45,4840.23,947.7,6284.43,5363.53,7318.21,2761.62,3940.45,3874.12,71.01
6/18/17,3889.75,2237.06,4781.93,2323.22,5651.94,836.49,7267.79,6946.73,8271.72,2612.9,3776.1,3739.23,72.23
6/19/17,5548.24,1820.77,4412.43,3537.74,6389.16,824.45,8290.37,4765.85,5847.99,2954.92,4120.09,3179.02,79.27
6/20/17,4368.78,1349.72,4034.71,3201.16,6127.79,969.88,8912.8,6780.02,8363.28,2170.48,3825.25,4123.93,65.85
6/21/17,4294.29,1836.46,3354.55,3417.72,8205.12,930.61,7161.82,6756.74,7816.13,2150.97,4711.73,4384.58,72.54
6/22/17,4181.43,2323.77,4001.72,3253.71,4255.14,802.64,7072.48,6270.21,6819.26,2730.8,3854.58,3900.26,70.25
6/23/17,4882.92,1801.5,4692.79,2807.22,5804.51,814.69,6916.99,5612.75,6123.19,2783.7,3365.87,3789.06,76.46
6/24/17,5391.61,1372.59,4797.97,3525.27,5856.03,876.12,8226.16,4734,6347.16,2232.1,4646.04,3230.96,72.07
6/25/17,4294.02,1706.4,4722.83,3632.1,5781.34,1002.39,7766.68,6980.81,6422.38,2029.76,3958.13,2584.88,68.26
6/26/17,4195.18,2023.66,4009.55,2758.13,6391.08,873.1,6725.12,6603.01,7380.45,2677.09,3011,4143.3,70.94
6/27/17,4517.28,2476.55,4447,2543.52,5739.75,923.02,8430.41,6363.61,8209.25,2667.07,2842.73,3474.52,74.98
6/28/17,4960.08,1857.67,3812.75,2789.69,6339.39,817.91,6973.09,5683.34,7281.9,2150.26,3911.89,3610.15,67.69
6/29/17,5996.55,2263.63,4700.1,3064.51,6161.55,945.13,6716.76,5091.67,8286.39,3061.46,4289.53,2649.54,75.19